{
  "2025-09-12": {
    "revenue": 0,
    "cogs": 0,
    "expenses": 2.0,
    "profit": -2.0
  },
  "2025-09-13": {
    "revenue": 0,
    "cogs": 0,
    "expenses": 2.0,
    "profit": -2.0
  },
  "2025-09-14": {
    "revenue": 0,
    "cogs": 0,
    "expenses": 2.0,
    "profit": -2.0
  },
  "2025-09-15": {
    "revenue": 0,
    "cogs": 0,
    "expenses": 2.0,
    "profit": -2.0
  },
  "2025-09-16": {
    "revenue": 0,
    "cogs": 0,
    "expenses": 2.0,
    "profit": -2.0
  },
  "2025-09-17": {
    "revenue": 0,
    "cogs": 0,
    "expenses": 2.0,
    "profit": -2.0
  },
  "2025-09-18": {
    "revenue": 0,
    "cogs": 0,
    "expenses": 2.0,
    "profit": -2.0
  },
  "2025-09-19": {
    "revenue": 0,
    "cogs": 0,
    "expenses": 2.0,
    "profit": -2.0
  },
  "2025-09-20": {
    "revenue": 0,
    "cogs": 0,
    "expenses": 2.0,
    "profit": -2.0
  },
  "2025-09-21": {
    "revenue": 0,
    "cogs": 0,
    "expenses": 2.0,
    "profit": -2.0
  },
  "2025-09-22": {
    "revenue": 0,
    "cogs": 0,
    "expenses": 2.0,
    "profit": -2.0
  },
  "2025-09-23": {
    "revenue": 0,
    "cogs": 0,
    "expenses": 2.0,
    "profit": -2.0
  },
  "2025-09-24": {
    "revenue": 0,
    "cogs": 0,
    "expenses": 2.0,
    "profit": -2.0
  },
  "2025-09-25": {
    "revenue": 0,
    "cogs": 0,
    "expenses": 2.0,
    "profit": -2.0
  },
  "2025-09-26": {
    "revenue": 12.5,
    "cogs": 3.85,
    "expenses": 2.0,
    "profit": 6.65
  },
  "2025-09-27": {
    "revenue": 9.75,
    "cogs": 3.25,
    "expenses": 2.0,
    "profit": 4.5
  },
  "2025-09-28": {
    "revenue": 11.0,
    "cogs": 3.3,
    "expenses": 2.0,
    "profit": 5.7
  },
  "2025-09-29": {
    "revenue": 7.0,
    "cogs": 2.1,
    "expenses": 2.0,
    "profit": 2.9
  },
  "2025-09-30": {
    "revenue": 16.75,
    "cogs": 5.35,
    "expenses": 2.0,
    "profit": 9.4
  },
  "2025-10-01": {
    "revenue": 11.5,
    "cogs": 3.6,
    "expenses": 2.0,
    "profit": 5.9
  },
  "2025-10-02": {
    "revenue": 16.5,
    "cogs": 5.45,
    "expenses": 2.0,
    "profit": 9.05
  },
  "2025-10-03": {
    "revenue": 20.75,
    "cogs": 6.6,
    "expenses": 2.0,
    "profit": 12.15
  },
  "2025-10-04": {
    "revenue": 17.0,
    "cogs": 5.35,
    "expenses": 2.0,
    "profit": 9.65
  },
  "2025-10-05": {
    "revenue": 8.25,
    "cogs": 2.55,
    "expenses": 2.0,
    "profit": 3.7
  },
  "2025-10-06": {
    "revenue": 18.0,
    "cogs": 5.05,
    "expenses": 2.0,
    "profit": 10.95
  },
  "2025-10-07": {
    "revenue": 9.0,
    "cogs": 2.55,
    "expenses": 2.0,
    "profit": 4.45
  },
  "2025-10-08": {
    "revenue": 7.5,
    "cogs": 2.1,
    "expenses": 2.0,
    "profit": 3.4
  },
  "2025-10-09": {
    "revenue": 9.25,
    "cogs": 2.85,
    "expenses": 2.0,
    "profit": 4.4
  },
  "2025-10-10": {
    "revenue": 7.5,
    "cogs": 2.3,
    "expenses": 2.0,
    "profit": 3.2
  },
  "2025-10-11": {
    "revenue": 15.75,
    "cogs": 4.85,
    "expenses": 2.0,
    "profit": 8.9
  },
  "2025-10-12": {
    "revenue": 16.75,
    "cogs": 5.1,
    "expenses": 2.0,
    "profit": 9.65
  },
  "2025-10-13": {
    "revenue": 9.5,
    "cogs": 3.05,
    "expenses": 2.0,
    "profit": 4.45
  },
  "2025-10-14": {
    "revenue": 15.0,
    "cogs": 5.1,
    "expenses": 2.0,
    "profit": 7.9
  },
  "2025-10-15": {
    "revenue": 18.5,
    "cogs": 5.85,
    "expenses": 2.0,
    "profit": 10.65
  },
  "2025-10-16": {
    "revenue": 2.25,
    "cogs": 0.55,
    "expenses": 2.0,
    "profit": -0.3
  },
  "2025-10-17": {
    "revenue": 0,
    "cogs": 0,
    "expenses": 2.0,
    "profit": -2.0
  },
  "2025-10-18": {
    "revenue": 0,
    "cogs": 0,
    "expenses": 2.0,
    "profit": -2.0
  },
  "2025-10-19": {
    "revenue": 0,
    "cogs": 0,
    "expenses": 2.0,
    "profit": -2.0
  },
  "2025-10-20": {
    "revenue": 0,
    "cogs": 0,
    "expenses": 2.0,
    "profit": -2.0
  },
  "2025-09-01": {
    "revenue": 9.25,
    "cogs": 3.4,
    "expenses": 2.0,
    "profit": 3.85
  },
  "2025-10-21": {
    "revenue": 0,
    "cogs": 0,
    "expenses": 2.0,
    "profit": -2.0
  },
  "2025-10-22": {
    "revenue": 0,
    "cogs": 0,
    "expenses": 2.0,
    "profit": -2.0
  },
  "2025-10-23": {
    "revenue": 0,
    "cogs": 0,
    "expenses": 2.0,
    "profit": -2.0
  },
  "2025-10-24": {
    "revenue": 0,
    "cogs": 0,
    "expenses": 2.0,
    "profit": -2.0
  },
  "2025-10-25": {
    "revenue": 0,
    "cogs": 0,
    "expenses": 2.0,
    "profit": -2.0
  },
  "2025-10-26": {
    "revenue": 0,
    "cogs": 0,
    "expenses": 2.0,
    "profit": -2.0
  },
  "2025-10-27": {
    "revenue": 0,
    "cogs": 0,
    "expenses": 2.0,
    "profit": -2.0
  },
  "2025-10-28": {
    "revenue": 0,
    "cogs": 0,
    "expenses": 2.0,
    "profit": -2.0
  },
  "2025-10-29": {
    "revenue": 0,
    "cogs": 0,
    "expenses": 2.0,
    "profit": -2.0
  },
  "2025-10-30": {
    "revenue": 0,
    "cogs": 0,
    "expenses": 2.0,
    "profit": -2.0
  },
  "2025-10-31": {
    "revenue": 0,
    "cogs": 0,
    "expenses": 2.0,
    "profit": -2.0
  },
  "2025-11-01": {
    "revenue": 0,
    "cogs": 0,
    "expenses": 2.0,
    "profit": -2.0
  },
  "2025-11-02": {
    "revenue": 0,
    "cogs": 0,
    "expenses": 2.0,
    "profit": -2.0
  },
  "2025-11-03": {
    "revenue": 0,
    "cogs": 0,
    "expenses": 2.0,
    "profit": -2.0
  },
  "2025-11-04": {
    "revenue": 0,
    "cogs": 0,
    "expenses": 2.0,
    "profit": -2.0
  },
  "2025-11-05": {
    "revenue": 0,
    "cogs": 0,
    "expenses": 2.0,
    "profit": -2.0
  },
  "2025-11-06": {
    "revenue": 0,
    "cogs": 0,
    "expenses": 2.0,
    "profit": -2.0
  },
  "2025-11-07": {
    "revenue": 17.25,
    "cogs": 5.25,
    "expenses": 2.0,
    "profit": 10.0
  },
  "2025-11-08": {
    "revenue": 5.0,
    "cogs": 1.85,
    "expenses": 2.0,
    "profit": 1.15
  },
  "2025-11-09": {
    "revenue": 17.25,
    "cogs": 5.95,
    "expenses": 2.0,
    "profit": 9.3
  },
  "2025-11-10": {
    "revenue": 13.25,
    "cogs": 4.3,
    "expenses": 2.0,
    "profit": 6.95
  },
  "2025-11-11": {
    "revenue": 5.25,
    "cogs": 1.4,
    "expenses": 2.0,
    "profit": 1.85
  },
  "2025-11-12": {
    "revenue": 21.0,
    "cogs": 6.4,
    "expenses": 2.0,
    "profit": 12.6
  },
  "2025-11-13": {
    "revenue": 7.0,
    "cogs": 1.9,
    "expenses": 2.0,
    "profit": 3.1
  },
  "2025-11-14": {
    "revenue": 8.5,
    "cogs": 3.05,
    "expenses": 2.0,
    "profit": 3.45
  },
  "2025-11-15": {
    "revenue": 400.0,
    "cogs": 3.55,
    "expenses": 2.0,
    "profit": 394.45
  },
  "2025-11-16": {
    "revenue": 400.0,
    "cogs": 2.6,
    "expenses": 2.0,
    "profit": 395.4
  },
  "2025-11-17": {
    "revenue": 700.0,
    "cogs": 4.05,
    "expenses": 2.0,
    "profit": 693.95
  },
  "2025-11-18": {
    "revenue": 800.0,
    "cogs": 6.55,
    "expenses": 2.0,
    "profit": 791.45
  },
  "2025-11-19": {
    "revenue": 500.0,
    "cogs": 3.95,
    "expenses": 2.0,
    "profit": 494.05
  },
  "2025-11-20": {
    "revenue": 950.0,
    "cogs": 6.55,
    "expenses": 2.0,
    "profit": 941.45
  },
  "2025-11-21": {
    "revenue": 750.0,
    "cogs": 5.55,
    "expenses": 2.0,
    "profit": 742.45
  },
  "2025-11-22": {
    "revenue": 600.0,
    "cogs": 4.1,
    "expenses": 2.0,
    "profit": 593.9
  },
  "2025-11-23": {
    "revenue": 200.0,
    "cogs": 1.45,
    "expenses": 2.0,
    "profit": 196.55
  },
  "2025-11-24": {
    "revenue": 850.0,
    "cogs": 6.25,
    "expenses": 2.0,
    "profit": 841.75
  },
  "2025-11-25": {
    "revenue": 500.0,
    "cogs": 3.25,
    "expenses": 2.0,
    "profit": 494.75
  },
  "2025-11-26": {
    "revenue": 900.0,
    "cogs": 6.45,
    "expenses": 2.0,
    "profit": 891.55
  },
  "2025-11-27": {
    "revenue": 700.0,
    "cogs": 4.05,
    "expenses": 2.0,
    "profit": 693.95
  },
  "2025-11-28": {
    "revenue": 650.0,
    "cogs": 3.65,
    "expenses": 2.0,
    "profit": 644.35
  },
  "2025-11-29": {
    "revenue": 750.0,
    "cogs": 5.35,
    "expenses": 2.0,
    "profit": 742.65
  },
  "2025-11-30": {
    "revenue": 500.0,
    "cogs": 4.35,
    "expenses": 2.0,
    "profit": 493.65
  },
  "2025-12-01": {
    "revenue": 950.0,
    "cogs": 6.65,
    "expenses": 2.0,
    "profit": 941.35
  },
  "2025-12-02": {
    "revenue": 950.0,
    "cogs": 7.5,
    "expenses": 2.0,
    "profit": 940.5
  },
  "2025-12-03": {
    "revenue": 900.0,
    "cogs": 7.9,
    "expenses": 2.0,
    "profit": 890.1
  },
  "2025-12-04": {
    "revenue": 800.0,
    "cogs": 6.35,
    "expenses": 2.0,
    "profit": 791.65
  },
  "2025-12-05": {
    "revenue": 600.0,
    "cogs": 5.3,
    "expenses": 2.0,
    "profit": 592.7
  },
  "2025-12-06": {
    "revenue": 500.0,
    "cogs": 3.6,
    "expenses": 2.0,
    "profit": 494.4
  },
  "2025-12-07": {
    "revenue": 300.0,
    "cogs": 2.0,
    "expenses": 2.0,
    "profit": 296.0
  },
  "2025-12-08": {
    "revenue": 850.0,
    "cogs": 5.95,
    "expenses": 2.0,
    "profit": 842.05
  },
  "2025-12-09": {
    "revenue": 350.0,
    "cogs": 2.75,
    "expenses": 2.0,
    "profit": 345.25
  },
  "2025-12-10": {
    "revenue": 650.0,
    "cogs": 4.75,
    "expenses": 2.0,
    "profit": 643.25
  },
  "2025-12-11": {
    "revenue": 1050.0,
    "cogs": 7.6,
    "expenses": 2.0,
    "profit": 1040.4
  },
  "2025-12-12": {
    "revenue": 800.0,
    "cogs": 5.9,
    "expenses": 2.0,
    "profit": 792.1
  },
  "2025-12-13": {
    "revenue": 850.0,
    "cogs": 5.85,
    "expenses": 2.0,
    "profit": 842.15
  },
  "2025-12-14": {
    "revenue": 400.0,
    "cogs": 3.15,
    "expenses": 2.0,
    "profit": 394.85
  },
  "2025-12-15": {
    "revenue": 376.0,
    "cogs": 2.05,
    "expenses": 2.0,
    "profit": 371.95
  },
  "2025-12-16": {
    "revenue": 408.0,
    "cogs": 3.2,
    "expenses": 2.0,
    "profit": 402.8
  },
  "2025-12-17": {
    "revenue": 440.0,
    "cogs": 3.1,
    "expenses": 2.0,
    "profit": 434.9
  },
  "2025-12-18": {
    "revenue": 355.0,
    "cogs": 2.7,
    "expenses": 2.0,
    "profit": 350.3
  },
  "2025-12-19": {
    "revenue": 815.0,
    "cogs": 5.5,
    "expenses": 2.0,
    "profit": 807.5
  },
  "2025-12-20": {
    "revenue": 755.0,
    "cogs": 5.0,
    "expenses": 2.0,
    "profit": 748.0
  },
  "2025-12-21": {
    "revenue": 890.0,
    "cogs": 6.9,
    "expenses": 2.0,
    "profit": 881.1
  },
  "2025-12-22": {
    "revenue": 0,
    "cogs": 0,
    "expenses": 2.0,
    "profit": -2.0
  },
  "2025-12-23": {
    "revenue": 0,
    "cogs": 0,
    "expenses": 2.0,
    "profit": -2.0
  },
  "2025-12-24": {
    "revenue": 0,
    "cogs": 0,
    "expenses": 2.0,
    "profit": -2.0
  },
  "2025-12-25": {
    "revenue": 0,
    "cogs": 0,
    "expenses": 2.0,
    "profit": -2.0
  },
  "2025-12-26": {
    "revenue": 0,
    "cogs": 0,
    "expenses": 2.0,
    "profit": -2.0
  },
  "2025-12-27": {
    "revenue": 0,
    "cogs": 0,
    "expenses": 2.0,
    "profit": -2.0
  },
  "2025-12-28": {
    "revenue": 0,
    "cogs": 0,
    "expenses": 2.0,
    "profit": -2.0
  },
  "2025-12-29": {
    "revenue": 940.0,
    "cogs": 6.15,
    "expenses": 2.0,
    "profit": 931.85
  },
  "2025-12-30": {
    "revenue": 369.0,
    "cogs": 2.6,
    "expenses": 2.0,
    "profit": 364.4
  },
  "2025-12-31": {
    "revenue": 253.0,
    "cogs": 1.3,
    "expenses": 2.0,
    "profit": 249.7
  },
  "2026-01-01": {
    "revenue": 294.0,
    "cogs": 2.3,
    "expenses": 2.0,
    "profit": 289.7
  },
  "2026-01-02": {
    "revenue": 324.0,
    "cogs": 2.05,
    "expenses": 2.0,
    "profit": 319.95
  },
  "2026-01-03": {
    "revenue": 811.0,
    "cogs": 5.15,
    "expenses": 2.0,
    "profit": 803.85
  },
  "2026-01-04": {
    "revenue": 413.0,
    "cogs": 2.85,
    "expenses": 2.0,
    "profit": 408.15
  },
  "2026-01-05": {
    "revenue": 238.0,
    "cogs": 1.1,
    "expenses": 2.0,
    "profit": 234.9
  },
  "2026-01-06": {
    "revenue": 1084.0,
    "cogs": 7.4,
    "expenses": 2.0,
    "profit": 1074.6
  },
  "2026-01-07": {
    "revenue": 984.0,
    "cogs": 6.4,
    "expenses": 2.0,
    "profit": 975.6
  },
  "2026-01-08": {
    "revenue": 556.0,
    "cogs": 4.05,
    "expenses": 2.0,
    "profit": 549.95
  },
  "2026-01-09": {
    "revenue": 772.0,
    "cogs": 5.8,
    "expenses": 2.0,
    "profit": 764.2
  },
  "2026-01-10": {
    "revenue": 839.0,
    "cogs": 6.2,
    "expenses": 2.0,
    "profit": 830.8
  },
  "2026-01-11": {
    "revenue": 380.0,
    "cogs": 3.05,
    "expenses": 2.0,
    "profit": 374.95
  },
  "2026-01-12": {
    "revenue": 596.0,
    "cogs": 4.1,
    "expenses": 2.0,
    "profit": 589.9
  },
  "2026-01-13": {
    "revenue": 981.0,
    "cogs": 7.0,
    "expenses": 2.0,
    "profit": 972.0
  },
  "2026-01-14": {
    "revenue": 520.0,
    "cogs": 3.4,
    "expenses": 2.0,
    "profit": 514.6
  },
  "2026-01-15": {
    "revenue": 530.0,
    "cogs": 3.85,
    "expenses": 2.0,
    "profit": 524.15
  },
  "2026-01-16": {
    "revenue": 616.0,
    "cogs": 4.1,
    "expenses": 2.0,
    "profit": 609.9
  },
  "2026-01-17": {
    "revenue": 886.0,
    "cogs": 6.55,
    "expenses": 2.0,
    "profit": 877.45
  },
  "2026-01-18": {
    "revenue": 450.0,
    "cogs": 3.05,
    "expenses": 2.0,
    "profit": 444.95
  },
  "2026-01-19": {
    "revenue": 944.0,
    "cogs": 6.8,
    "expenses": 2.0,
    "profit": 935.2
  },
  "2026-01-20": {
    "revenue": 124.0,
    "cogs": 1.0,
    "expenses": 2.0,
    "profit": 121.0
  },
  "2026-01-21": {
    "revenue": 0,
    "cogs": 0,
    "expenses": 2.0,
    "profit": -2.0
  },
  "2026-01-22": {
    "revenue": 0,
    "cogs": 0,
    "expenses": 2.0,
    "profit": -2.0
  },
  "2026-01-23": {
    "revenue": 0,
    "cogs": 0,
    "expenses": 2.0,
    "profit": -2.0
  },
  "2026-01-24": {
    "revenue": 0,
    "cogs": 0,
    "expenses": 2.0,
    "profit": -2.0
  },
  "2026-01-25": {
    "revenue": 0,
    "cogs": 0,
    "expenses": 2.0,
    "profit": -2.0
  },
  "2026-01-26": {
    "revenue": 0,
    "cogs": 0,
    "expenses": 2.0,
    "profit": -2.0
  },
  "2026-01-27": {
    "revenue": 0,
    "cogs": 0,
    "expenses": 2.0,
    "profit": -2.0
  },
  "2026-01-28": {
    "revenue": 0,
    "cogs": 0,
    "expenses": 2.0,
    "profit": -2.0
  },
  "2026-01-29": {
    "revenue": 0,
    "cogs": 0,
    "expenses": 2.0,
    "profit": -2.0
  },
  "2026-01-30": {
    "revenue": 0,
    "cogs": 0,
    "expenses": 2.0,
    "profit": -2.0
  },
  "2026-01-31": {
    "revenue": 0,
    "cogs": 0,
    "expenses": 2.0,
    "profit": -2.0
  },
  "2026-02-01": {
    "revenue": 0,
    "cogs": 0,
    "expenses": 2.0,
    "profit": -2.0
  },
  "2026-02-02": {
    "revenue": 0,
    "cogs": 0,
    "expenses": 2.0,
    "profit": -2.0
  },
  "2026-02-03": {
    "revenue": 0,
    "cogs": 0,
    "expenses": 2.0,
    "profit": -2.0
  },
  "2026-02-04": {
    "revenue": 0,
    "cogs": 0,
    "expenses": 2.0,
    "profit": -2.0
  },
  "2026-02-05": {
    "revenue": 0,
    "cogs": 0,
    "expenses": 2.0,
    "profit": -2.0
  },
  "2026-02-06": {
    "revenue": 0,
    "cogs": 0,
    "expenses": 2.0,
    "profit": -2.0
  },
  "2026-02-07": {
    "revenue": 0,
    "cogs": 0,
    "expenses": 2.0,
    "profit": -2.0
  },
  "2026-02-08": {
    "revenue": 0,
    "cogs": 0,
    "expenses": 2.0,
    "profit": -2.0
  },
  "2026-02-09": {
    "revenue": 0,
    "cogs": 0,
    "expenses": 2.0,
    "profit": -2.0
  },
  "2026-02-10": {
    "revenue": 0,
    "cogs": 0,
    "expenses": 2.0,
    "profit": -2.0
  },
  "2026-02-11": {
    "revenue": 0,
    "cogs": 0,
    "expenses": 2.0,
    "profit": -2.0
  },
  "2026-02-12": {
    "revenue": 0,
    "cogs": 0,
    "expenses": 2.0,
    "profit": -2.0
  },
  "2026-02-13": {
    "revenue": 0,
    "cogs": 0,
    "expenses": 2.0,
    "profit": -2.0
  },
  "2026-02-14": {
    "revenue": 0,
    "cogs": 0,
    "expenses": 2.0,
    "profit": -2.0
  },
  "2026-02-15": {
    "revenue": 0,
    "cogs": 0,
    "expenses": 2.0,
    "profit": -2.0
  },
  "2026-02-16": {
    "revenue": 0,
    "cogs": 0,
    "expenses": 2.0,
    "profit": -2.0
  },
  "2026-02-17": {
    "revenue": 0,
    "cogs": 0,
    "expenses": 2.0,
    "profit": -2.0
  },
  "2026-02-18": {
    "revenue": 0,
    "cogs": 0,
    "expenses": 2.0,
    "profit": -2.0
  },
  "2026-02-19": {
    "revenue": 0,
    "cogs": 0,
    "expenses": 2.0,
    "profit": -2.0
  }
}