[
  {
    "date": "2025-09-26",
    "item": "Gum",
    "qty": 1,
    "revenue": 0.75,
    "cogs": 0.1
  },
  {
    "date": "2025-09-26",
    "item": "Cookies",
    "qty": 1,
    "revenue": 1.5,
    "cogs": 0.45
  },
  {
    "date": "2025-09-26",
    "item": "Pepsi",
    "qty": 1,
    "revenue": 1.25,
    "cogs": 0.5
  },
  {
    "date": "2025-09-26",
    "item": "Water",
    "qty": 1,
    "revenue": 1.0,
    "cogs": 0.2
  },
  {
    "date": "2025-09-26",
    "item": "Pepsi",
    "qty": 1,
    "revenue": 1.25,
    "cogs": 0.5
  },
  {
    "date": "2025-09-26",
    "item": "Cookies",
    "qty": 1,
    "revenue": 1.5,
    "cogs": 0.45
  },
  {
    "date": "2025-09-26",
    "item": "Chips",
    "qty": 1,
    "revenue": 1.25,
    "cogs": 0.35
  },
  {
    "date": "2025-09-26",
    "item": "Pepsi",
    "qty": 1,
    "revenue": 1.25,
    "cogs": 0.5
  },
  {
    "date": "2025-09-26",
    "item": "Chips",
    "qty": 1,
    "revenue": 1.25,
    "cogs": 0.35
  },
  {
    "date": "2025-09-26",
    "item": "Cookies",
    "qty": 1,
    "revenue": 1.5,
    "cogs": 0.45
  },
  {
    "date": "2025-09-27",
    "item": "Coke",
    "qty": 1,
    "revenue": 1.25,
    "cogs": 0.5
  },
  {
    "date": "2025-09-27",
    "item": "Gum",
    "qty": 1,
    "revenue": 0.75,
    "cogs": 0.1
  },
  {
    "date": "2025-09-27",
    "item": "Cookies",
    "qty": 1,
    "revenue": 1.5,
    "cogs": 0.45
  },
  {
    "date": "2025-09-27",
    "item": "Pepsi",
    "qty": 1,
    "revenue": 1.25,
    "cogs": 0.5
  },
  {
    "date": "2025-09-27",
    "item": "Coke",
    "qty": 1,
    "revenue": 1.25,
    "cogs": 0.5
  },
  {
    "date": "2025-09-27",
    "item": "Granola Bar",
    "qty": 1,
    "revenue": 1.25,
    "cogs": 0.35
  },
  {
    "date": "2025-09-27",
    "item": "Diet Coke",
    "qty": 1,
    "revenue": 1.25,
    "cogs": 0.5
  },
  {
    "date": "2025-09-27",
    "item": "Chips",
    "qty": 1,
    "revenue": 1.25,
    "cogs": 0.35
  },
  {
    "date": "2025-09-28",
    "item": "Coke",
    "qty": 1,
    "revenue": 1.25,
    "cogs": 0.5
  },
  {
    "date": "2025-09-28",
    "item": "Water",
    "qty": 1,
    "revenue": 1.0,
    "cogs": 0.2
  },
  {
    "date": "2025-09-28",
    "item": "Gum",
    "qty": 1,
    "revenue": 0.75,
    "cogs": 0.1
  },
  {
    "date": "2025-09-28",
    "item": "Granola Bar",
    "qty": 1,
    "revenue": 1.25,
    "cogs": 0.35
  },
  {
    "date": "2025-09-28",
    "item": "Granola Bar",
    "qty": 1,
    "revenue": 1.25,
    "cogs": 0.35
  },
  {
    "date": "2025-09-28",
    "item": "Cookies",
    "qty": 1,
    "revenue": 1.5,
    "cogs": 0.45
  },
  {
    "date": "2025-09-28",
    "item": "Candy Bar",
    "qty": 1,
    "revenue": 1.25,
    "cogs": 0.4
  },
  {
    "date": "2025-09-28",
    "item": "Diet Coke",
    "qty": 1,
    "revenue": 1.25,
    "cogs": 0.5
  },
  {
    "date": "2025-09-28",
    "item": "Cookies",
    "qty": 1,
    "revenue": 1.5,
    "cogs": 0.45
  },
  {
    "date": "2025-09-29",
    "item": "Gum",
    "qty": 1,
    "revenue": 0.75,
    "cogs": 0.1
  },
  {
    "date": "2025-09-29",
    "item": "Cookies",
    "qty": 1,
    "revenue": 1.5,
    "cogs": 0.45
  },
  {
    "date": "2025-09-29",
    "item": "Chips",
    "qty": 1,
    "revenue": 1.25,
    "cogs": 0.35
  },
  {
    "date": "2025-09-29",
    "item": "Water",
    "qty": 1,
    "revenue": 1.0,
    "cogs": 0.2
  },
  {
    "date": "2025-09-29",
    "item": "Diet Coke",
    "qty": 1,
    "revenue": 1.25,
    "cogs": 0.5
  },
  {
    "date": "2025-09-29",
    "item": "Pepsi",
    "qty": 1,
    "revenue": 1.25,
    "cogs": 0.5
  },
  {
    "date": "2025-09-30",
    "item": "Candy Bar",
    "qty": 1,
    "revenue": 1.25,
    "cogs": 0.4
  },
  {
    "date": "2025-09-30",
    "item": "Coke",
    "qty": 1,
    "revenue": 1.25,
    "cogs": 0.5
  },
  {
    "date": "2025-09-30",
    "item": "Diet Coke",
    "qty": 1,
    "revenue": 1.25,
    "cogs": 0.5
  },
  {
    "date": "2025-09-30",
    "item": "Granola Bar",
    "qty": 1,
    "revenue": 1.25,
    "cogs": 0.35
  },
  {
    "date": "2025-09-30",
    "item": "Gum",
    "qty": 1,
    "revenue": 0.75,
    "cogs": 0.1
  },
  {
    "date": "2025-09-30",
    "item": "Water",
    "qty": 1,
    "revenue": 1.0,
    "cogs": 0.2
  },
  {
    "date": "2025-09-30",
    "item": "Granola Bar",
    "qty": 1,
    "revenue": 1.25,
    "cogs": 0.35
  },
  {
    "date": "2025-09-30",
    "item": "Candy Bar",
    "qty": 1,
    "revenue": 1.25,
    "cogs": 0.4
  },
  {
    "date": "2025-09-30",
    "item": "Diet Coke",
    "qty": 1,
    "revenue": 1.25,
    "cogs": 0.5
  },
  {
    "date": "2025-09-30",
    "item": "Diet Coke",
    "qty": 1,
    "revenue": 1.25,
    "cogs": 0.5
  },
  {
    "date": "2025-09-30",
    "item": "Diet Coke",
    "qty": 1,
    "revenue": 1.25,
    "cogs": 0.5
  },
  {
    "date": "2025-09-30",
    "item": "Chips",
    "qty": 1,
    "revenue": 1.25,
    "cogs": 0.35
  },
  {
    "date": "2025-09-30",
    "item": "Granola Bar",
    "qty": 1,
    "revenue": 1.25,
    "cogs": 0.35
  },
  {
    "date": "2025-09-30",
    "item": "Chips",
    "qty": 1,
    "revenue": 1.25,
    "cogs": 0.35
  },
  {
    "date": "2025-10-01",
    "item": "Candy Bar",
    "qty": 1,
    "revenue": 1.25,
    "cogs": 0.4
  },
  {
    "date": "2025-10-01",
    "item": "Chips",
    "qty": 1,
    "revenue": 1.25,
    "cogs": 0.35
  },
  {
    "date": "2025-10-01",
    "item": "Diet Coke",
    "qty": 1,
    "revenue": 1.25,
    "cogs": 0.5
  },
  {
    "date": "2025-10-01",
    "item": "Candy Bar",
    "qty": 1,
    "revenue": 1.25,
    "cogs": 0.4
  },
  {
    "date": "2025-10-01",
    "item": "Water",
    "qty": 1,
    "revenue": 1.0,
    "cogs": 0.2
  },
  {
    "date": "2025-10-01",
    "item": "Pretzels",
    "qty": 1,
    "revenue": 1.0,
    "cogs": 0.3
  },
  {
    "date": "2025-10-01",
    "item": "Gum",
    "qty": 1,
    "revenue": 0.75,
    "cogs": 0.1
  },
  {
    "date": "2025-10-01",
    "item": "Pepsi",
    "qty": 1,
    "revenue": 1.25,
    "cogs": 0.5
  },
  {
    "date": "2025-10-01",
    "item": "Coke",
    "qty": 1,
    "revenue": 1.25,
    "cogs": 0.5
  },
  {
    "date": "2025-10-01",
    "item": "Chips",
    "qty": 1,
    "revenue": 1.25,
    "cogs": 0.35
  },
  {
    "date": "2025-10-02",
    "item": "Candy Bar",
    "qty": 1,
    "revenue": 1.25,
    "cogs": 0.4
  },
  {
    "date": "2025-10-02",
    "item": "Gum",
    "qty": 1,
    "revenue": 0.75,
    "cogs": 0.1
  },
  {
    "date": "2025-10-02",
    "item": "Granola Bar",
    "qty": 1,
    "revenue": 1.25,
    "cogs": 0.35
  },
  {
    "date": "2025-10-02",
    "item": "Diet Coke",
    "qty": 1,
    "revenue": 1.25,
    "cogs": 0.5
  },
  {
    "date": "2025-10-02",
    "item": "Pepsi",
    "qty": 1,
    "revenue": 1.25,
    "cogs": 0.5
  },
  {
    "date": "2025-10-02",
    "item": "Pepsi",
    "qty": 1,
    "revenue": 1.25,
    "cogs": 0.5
  },
  {
    "date": "2025-10-02",
    "item": "Coke",
    "qty": 1,
    "revenue": 1.25,
    "cogs": 0.5
  },
  {
    "date": "2025-10-02",
    "item": "Pepsi",
    "qty": 1,
    "revenue": 1.25,
    "cogs": 0.5
  },
  {
    "date": "2025-10-02",
    "item": "Pepsi",
    "qty": 1,
    "revenue": 1.25,
    "cogs": 0.5
  },
  {
    "date": "2025-10-02",
    "item": "Gum",
    "qty": 1,
    "revenue": 0.75,
    "cogs": 0.1
  },
  {
    "date": "2025-10-02",
    "item": "Pretzels",
    "qty": 1,
    "revenue": 1.0,
    "cogs": 0.3
  },
  {
    "date": "2025-10-02",
    "item": "Granola Bar",
    "qty": 1,
    "revenue": 1.25,
    "cogs": 0.35
  },
  {
    "date": "2025-10-02",
    "item": "Candy Bar",
    "qty": 1,
    "revenue": 1.25,
    "cogs": 0.4
  },
  {
    "date": "2025-10-02",
    "item": "Cookies",
    "qty": 1,
    "revenue": 1.5,
    "cogs": 0.45
  },
  {
    "date": "2025-10-03",
    "item": "Water",
    "qty": 1,
    "revenue": 1.0,
    "cogs": 0.2
  },
  {
    "date": "2025-10-03",
    "item": "Diet Coke",
    "qty": 1,
    "revenue": 1.25,
    "cogs": 0.5
  },
  {
    "date": "2025-10-03",
    "item": "Candy Bar",
    "qty": 1,
    "revenue": 1.25,
    "cogs": 0.4
  },
  {
    "date": "2025-10-03",
    "item": "Candy Bar",
    "qty": 1,
    "revenue": 1.25,
    "cogs": 0.4
  },
  {
    "date": "2025-10-03",
    "item": "Coke",
    "qty": 1,
    "revenue": 1.25,
    "cogs": 0.5
  },
  {
    "date": "2025-10-03",
    "item": "Pretzels",
    "qty": 1,
    "revenue": 1.0,
    "cogs": 0.3
  },
  {
    "date": "2025-10-03",
    "item": "Water",
    "qty": 1,
    "revenue": 1.0,
    "cogs": 0.2
  },
  {
    "date": "2025-10-03",
    "item": "Water",
    "qty": 1,
    "revenue": 1.0,
    "cogs": 0.2
  },
  {
    "date": "2025-10-03",
    "item": "Coke",
    "qty": 1,
    "revenue": 1.25,
    "cogs": 0.5
  },
  {
    "date": "2025-10-03",
    "item": "Pepsi",
    "qty": 1,
    "revenue": 1.25,
    "cogs": 0.5
  },
  {
    "date": "2025-10-03",
    "item": "Chips",
    "qty": 1,
    "revenue": 1.25,
    "cogs": 0.35
  },
  {
    "date": "2025-10-03",
    "item": "Candy Bar",
    "qty": 1,
    "revenue": 1.25,
    "cogs": 0.4
  },
  {
    "date": "2025-10-03",
    "item": "Diet Coke",
    "qty": 1,
    "revenue": 1.25,
    "cogs": 0.5
  },
  {
    "date": "2025-10-03",
    "item": "Water",
    "qty": 1,
    "revenue": 1.0,
    "cogs": 0.2
  },
  {
    "date": "2025-10-03",
    "item": "Pretzels",
    "qty": 1,
    "revenue": 1.0,
    "cogs": 0.3
  },
  {
    "date": "2025-10-03",
    "item": "Diet Coke",
    "qty": 1,
    "revenue": 1.25,
    "cogs": 0.5
  },
  {
    "date": "2025-10-03",
    "item": "Pretzels",
    "qty": 1,
    "revenue": 1.0,
    "cogs": 0.3
  },
  {
    "date": "2025-10-03",
    "item": "Granola Bar",
    "qty": 1,
    "revenue": 1.25,
    "cogs": 0.35
  },
  {
    "date": "2025-10-04",
    "item": "Diet Coke",
    "qty": 1,
    "revenue": 1.25,
    "cogs": 0.5
  },
  {
    "date": "2025-10-04",
    "item": "Granola Bar",
    "qty": 1,
    "revenue": 1.25,
    "cogs": 0.35
  },
  {
    "date": "2025-10-04",
    "item": "Granola Bar",
    "qty": 1,
    "revenue": 1.25,
    "cogs": 0.35
  },
  {
    "date": "2025-10-04",
    "item": "Candy Bar",
    "qty": 1,
    "revenue": 1.25,
    "cogs": 0.4
  },
  {
    "date": "2025-10-04",
    "item": "Pepsi",
    "qty": 1,
    "revenue": 1.25,
    "cogs": 0.5
  },
  {
    "date": "2025-10-04",
    "item": "Chips",
    "qty": 1,
    "revenue": 1.25,
    "cogs": 0.35
  },
  {
    "date": "2025-10-04",
    "item": "Candy Bar",
    "qty": 1,
    "revenue": 1.25,
    "cogs": 0.4
  },
  {
    "date": "2025-10-04",
    "item": "Chips",
    "qty": 1,
    "revenue": 1.25,
    "cogs": 0.35
  },
  {
    "date": "2025-10-04",
    "item": "Cookies",
    "qty": 1,
    "revenue": 1.5,
    "cogs": 0.45
  },
  {
    "date": "2025-10-04",
    "item": "Pepsi",
    "qty": 1,
    "revenue": 1.25,
    "cogs": 0.5
  },
  {
    "date": "2025-10-04",
    "item": "Diet Coke",
    "qty": 1,
    "revenue": 1.25,
    "cogs": 0.5
  },
  {
    "date": "2025-10-04",
    "item": "Gum",
    "qty": 1,
    "revenue": 0.75,
    "cogs": 0.1
  },
  {
    "date": "2025-10-04",
    "item": "Candy Bar",
    "qty": 1,
    "revenue": 1.25,
    "cogs": 0.4
  },
  {
    "date": "2025-10-04",
    "item": "Water",
    "qty": 1,
    "revenue": 1.0,
    "cogs": 0.2
  },
  {
    "date": "2025-10-05",
    "item": "Chips",
    "qty": 1,
    "revenue": 1.25,
    "cogs": 0.35
  },
  {
    "date": "2025-10-05",
    "item": "Cookies",
    "qty": 1,
    "revenue": 1.5,
    "cogs": 0.45
  },
  {
    "date": "2025-10-05",
    "item": "Cookies",
    "qty": 1,
    "revenue": 1.5,
    "cogs": 0.45
  },
  {
    "date": "2025-10-05",
    "item": "Pepsi",
    "qty": 1,
    "revenue": 1.25,
    "cogs": 0.5
  },
  {
    "date": "2025-10-05",
    "item": "Granola Bar",
    "qty": 1,
    "revenue": 1.25,
    "cogs": 0.35
  },
  {
    "date": "2025-10-05",
    "item": "Cookies",
    "qty": 1,
    "revenue": 1.5,
    "cogs": 0.45
  },
  {
    "date": "2025-10-06",
    "item": "Chips",
    "qty": 1,
    "revenue": 1.25,
    "cogs": 0.35
  },
  {
    "date": "2025-10-06",
    "item": "Water",
    "qty": 1,
    "revenue": 1.0,
    "cogs": 0.2
  },
  {
    "date": "2025-10-06",
    "item": "Water",
    "qty": 1,
    "revenue": 1.0,
    "cogs": 0.2
  },
  {
    "date": "2025-10-06",
    "item": "Diet Coke",
    "qty": 1,
    "revenue": 1.25,
    "cogs": 0.5
  },
  {
    "date": "2025-10-06",
    "item": "Pretzels",
    "qty": 1,
    "revenue": 1.0,
    "cogs": 0.3
  },
  {
    "date": "2025-10-06",
    "item": "Granola Bar",
    "qty": 1,
    "revenue": 1.25,
    "cogs": 0.35
  },
  {
    "date": "2025-10-06",
    "item": "Gum",
    "qty": 1,
    "revenue": 0.75,
    "cogs": 0.1
  },
  {
    "date": "2025-10-06",
    "item": "Cookies",
    "qty": 1,
    "revenue": 1.5,
    "cogs": 0.45
  },
  {
    "date": "2025-10-06",
    "item": "Diet Coke",
    "qty": 1,
    "revenue": 1.25,
    "cogs": 0.5
  },
  {
    "date": "2025-10-06",
    "item": "Gum",
    "qty": 1,
    "revenue": 0.75,
    "cogs": 0.1
  },
  {
    "date": "2025-10-06",
    "item": "Gum",
    "qty": 1,
    "revenue": 0.75,
    "cogs": 0.1
  },
  {
    "date": "2025-10-06",
    "item": "Water",
    "qty": 1,
    "revenue": 1.0,
    "cogs": 0.2
  },
  {
    "date": "2025-10-06",
    "item": "Chips",
    "qty": 1,
    "revenue": 1.25,
    "cogs": 0.35
  },
  {
    "date": "2025-10-06",
    "item": "Cookies",
    "qty": 1,
    "revenue": 1.5,
    "cogs": 0.45
  },
  {
    "date": "2025-10-06",
    "item": "Candy Bar",
    "qty": 1,
    "revenue": 1.25,
    "cogs": 0.4
  },
  {
    "date": "2025-10-06",
    "item": "Diet Coke",
    "qty": 1,
    "revenue": 1.25,
    "cogs": 0.5
  },
  {
    "date": "2025-10-07",
    "item": "Cookies",
    "qty": 1,
    "revenue": 1.5,
    "cogs": 0.45
  },
  {
    "date": "2025-10-07",
    "item": "Gum",
    "qty": 1,
    "revenue": 0.75,
    "cogs": 0.1
  },
  {
    "date": "2025-10-07",
    "item": "Candy Bar",
    "qty": 1,
    "revenue": 1.25,
    "cogs": 0.4
  },
  {
    "date": "2025-10-07",
    "item": "Coke",
    "qty": 1,
    "revenue": 1.25,
    "cogs": 0.5
  },
  {
    "date": "2025-10-07",
    "item": "Gum",
    "qty": 1,
    "revenue": 0.75,
    "cogs": 0.1
  },
  {
    "date": "2025-10-07",
    "item": "Chips",
    "qty": 1,
    "revenue": 1.25,
    "cogs": 0.35
  },
  {
    "date": "2025-10-07",
    "item": "Granola Bar",
    "qty": 1,
    "revenue": 1.25,
    "cogs": 0.35
  },
  {
    "date": "2025-10-07",
    "item": "Pretzels",
    "qty": 1,
    "revenue": 1.0,
    "cogs": 0.3
  },
  {
    "date": "2025-10-08",
    "item": "Coke",
    "qty": 1,
    "revenue": 1.25,
    "cogs": 0.5
  },
  {
    "date": "2025-10-08",
    "item": "Water",
    "qty": 1,
    "revenue": 1.0,
    "cogs": 0.2
  },
  {
    "date": "2025-10-08",
    "item": "Candy Bar",
    "qty": 1,
    "revenue": 1.25,
    "cogs": 0.4
  },
  {
    "date": "2025-10-08",
    "item": "Water",
    "qty": 1,
    "revenue": 1.0,
    "cogs": 0.2
  },
  {
    "date": "2025-10-08",
    "item": "Pretzels",
    "qty": 1,
    "revenue": 1.0,
    "cogs": 0.3
  },
  {
    "date": "2025-10-08",
    "item": "Pretzels",
    "qty": 1,
    "revenue": 1.0,
    "cogs": 0.3
  },
  {
    "date": "2025-10-08",
    "item": "Water",
    "qty": 1,
    "revenue": 1.0,
    "cogs": 0.2
  },
  {
    "date": "2025-10-09",
    "item": "Water",
    "qty": 1,
    "revenue": 1.0,
    "cogs": 0.2
  },
  {
    "date": "2025-10-09",
    "item": "Granola Bar",
    "qty": 1,
    "revenue": 1.25,
    "cogs": 0.35
  },
  {
    "date": "2025-10-09",
    "item": "Pretzels",
    "qty": 1,
    "revenue": 1.0,
    "cogs": 0.3
  },
  {
    "date": "2025-10-09",
    "item": "Granola Bar",
    "qty": 1,
    "revenue": 1.25,
    "cogs": 0.35
  },
  {
    "date": "2025-10-09",
    "item": "Pepsi",
    "qty": 1,
    "revenue": 1.25,
    "cogs": 0.5
  },
  {
    "date": "2025-10-09",
    "item": "Chips",
    "qty": 1,
    "revenue": 1.25,
    "cogs": 0.35
  },
  {
    "date": "2025-10-09",
    "item": "Diet Coke",
    "qty": 1,
    "revenue": 1.25,
    "cogs": 0.5
  },
  {
    "date": "2025-10-09",
    "item": "Pretzels",
    "qty": 1,
    "revenue": 1.0,
    "cogs": 0.3
  },
  {
    "date": "2025-10-10",
    "item": "Diet Coke",
    "qty": 1,
    "revenue": 1.25,
    "cogs": 0.5
  },
  {
    "date": "2025-10-10",
    "item": "Coke",
    "qty": 1,
    "revenue": 1.25,
    "cogs": 0.5
  },
  {
    "date": "2025-10-10",
    "item": "Cookies",
    "qty": 1,
    "revenue": 1.5,
    "cogs": 0.45
  },
  {
    "date": "2025-10-10",
    "item": "Water",
    "qty": 1,
    "revenue": 1.0,
    "cogs": 0.2
  },
  {
    "date": "2025-10-10",
    "item": "Cookies",
    "qty": 1,
    "revenue": 1.5,
    "cogs": 0.45
  },
  {
    "date": "2025-10-10",
    "item": "Water",
    "qty": 1,
    "revenue": 1.0,
    "cogs": 0.2
  },
  {
    "date": "2025-10-11",
    "item": "Pepsi",
    "qty": 1,
    "revenue": 1.25,
    "cogs": 0.5
  },
  {
    "date": "2025-10-11",
    "item": "Pretzels",
    "qty": 1,
    "revenue": 1.0,
    "cogs": 0.3
  },
  {
    "date": "2025-10-11",
    "item": "Candy Bar",
    "qty": 1,
    "revenue": 1.25,
    "cogs": 0.4
  },
  {
    "date": "2025-10-11",
    "item": "Cookies",
    "qty": 1,
    "revenue": 1.5,
    "cogs": 0.45
  },
  {
    "date": "2025-10-11",
    "item": "Candy Bar",
    "qty": 1,
    "revenue": 1.25,
    "cogs": 0.4
  },
  {
    "date": "2025-10-11",
    "item": "Water",
    "qty": 1,
    "revenue": 1.0,
    "cogs": 0.2
  },
  {
    "date": "2025-10-11",
    "item": "Candy Bar",
    "qty": 1,
    "revenue": 1.25,
    "cogs": 0.4
  },
  {
    "date": "2025-10-11",
    "item": "Diet Coke",
    "qty": 1,
    "revenue": 1.25,
    "cogs": 0.5
  },
  {
    "date": "2025-10-11",
    "item": "Water",
    "qty": 1,
    "revenue": 1.0,
    "cogs": 0.2
  },
  {
    "date": "2025-10-11",
    "item": "Chips",
    "qty": 1,
    "revenue": 1.25,
    "cogs": 0.35
  },
  {
    "date": "2025-10-11",
    "item": "Candy Bar",
    "qty": 1,
    "revenue": 1.25,
    "cogs": 0.4
  },
  {
    "date": "2025-10-11",
    "item": "Candy Bar",
    "qty": 1,
    "revenue": 1.25,
    "cogs": 0.4
  },
  {
    "date": "2025-10-11",
    "item": "Granola Bar",
    "qty": 1,
    "revenue": 1.25,
    "cogs": 0.35
  },
  {
    "date": "2025-10-12",
    "item": "Cookies",
    "qty": 1,
    "revenue": 1.5,
    "cogs": 0.45
  },
  {
    "date": "2025-10-12",
    "item": "Pretzels",
    "qty": 1,
    "revenue": 1.0,
    "cogs": 0.3
  },
  {
    "date": "2025-10-12",
    "item": "Granola Bar",
    "qty": 1,
    "revenue": 1.25,
    "cogs": 0.35
  },
  {
    "date": "2025-10-12",
    "item": "Gum",
    "qty": 1,
    "revenue": 0.75,
    "cogs": 0.1
  },
  {
    "date": "2025-10-12",
    "item": "Granola Bar",
    "qty": 1,
    "revenue": 1.25,
    "cogs": 0.35
  },
  {
    "date": "2025-10-12",
    "item": "Granola Bar",
    "qty": 1,
    "revenue": 1.25,
    "cogs": 0.35
  },
  {
    "date": "2025-10-12",
    "item": "Candy Bar",
    "qty": 1,
    "revenue": 1.25,
    "cogs": 0.4
  },
  {
    "date": "2025-10-12",
    "item": "Chips",
    "qty": 1,
    "revenue": 1.25,
    "cogs": 0.35
  },
  {
    "date": "2025-10-12",
    "item": "Coke",
    "qty": 1,
    "revenue": 1.25,
    "cogs": 0.5
  },
  {
    "date": "2025-10-12",
    "item": "Candy Bar",
    "qty": 1,
    "revenue": 1.25,
    "cogs": 0.4
  },
  {
    "date": "2025-10-12",
    "item": "Coke",
    "qty": 1,
    "revenue": 1.25,
    "cogs": 0.5
  },
  {
    "date": "2025-10-12",
    "item": "Pepsi",
    "qty": 1,
    "revenue": 1.25,
    "cogs": 0.5
  },
  {
    "date": "2025-10-12",
    "item": "Water",
    "qty": 1,
    "revenue": 1.0,
    "cogs": 0.2
  },
  {
    "date": "2025-10-12",
    "item": "Chips",
    "qty": 1,
    "revenue": 1.25,
    "cogs": 0.35
  },
  {
    "date": "2025-10-13",
    "item": "Pepsi",
    "qty": 1,
    "revenue": 1.25,
    "cogs": 0.5
  },
  {
    "date": "2025-10-13",
    "item": "Candy Bar",
    "qty": 1,
    "revenue": 1.25,
    "cogs": 0.4
  },
  {
    "date": "2025-10-13",
    "item": "Water",
    "qty": 1,
    "revenue": 1.0,
    "cogs": 0.2
  },
  {
    "date": "2025-10-13",
    "item": "Cookies",
    "qty": 1,
    "revenue": 1.5,
    "cogs": 0.45
  },
  {
    "date": "2025-10-13",
    "item": "Water",
    "qty": 1,
    "revenue": 1.0,
    "cogs": 0.2
  },
  {
    "date": "2025-10-13",
    "item": "Pretzels",
    "qty": 1,
    "revenue": 1.0,
    "cogs": 0.3
  },
  {
    "date": "2025-10-13",
    "item": "Coke",
    "qty": 1,
    "revenue": 1.25,
    "cogs": 0.5
  },
  {
    "date": "2025-10-13",
    "item": "Pepsi",
    "qty": 1,
    "revenue": 1.25,
    "cogs": 0.5
  },
  {
    "date": "2025-10-14",
    "item": "Pepsi",
    "qty": 1,
    "revenue": 1.25,
    "cogs": 0.5
  },
  {
    "date": "2025-10-14",
    "item": "Coke",
    "qty": 1,
    "revenue": 1.25,
    "cogs": 0.5
  },
  {
    "date": "2025-10-14",
    "item": "Coke",
    "qty": 1,
    "revenue": 1.25,
    "cogs": 0.5
  },
  {
    "date": "2025-10-14",
    "item": "Coke",
    "qty": 1,
    "revenue": 1.25,
    "cogs": 0.5
  },
  {
    "date": "2025-10-14",
    "item": "Pretzels",
    "qty": 1,
    "revenue": 1.0,
    "cogs": 0.3
  },
  {
    "date": "2025-10-14",
    "item": "Water",
    "qty": 1,
    "revenue": 1.0,
    "cogs": 0.2
  },
  {
    "date": "2025-10-14",
    "item": "Pretzels",
    "qty": 1,
    "revenue": 1.0,
    "cogs": 0.3
  },
  {
    "date": "2025-10-14",
    "item": "Coke",
    "qty": 1,
    "revenue": 1.25,
    "cogs": 0.5
  },
  {
    "date": "2025-10-14",
    "item": "Coke",
    "qty": 1,
    "revenue": 1.25,
    "cogs": 0.5
  },
  {
    "date": "2025-10-14",
    "item": "Coke",
    "qty": 1,
    "revenue": 1.25,
    "cogs": 0.5
  },
  {
    "date": "2025-10-14",
    "item": "Water",
    "qty": 1,
    "revenue": 1.0,
    "cogs": 0.2
  },
  {
    "date": "2025-10-14",
    "item": "Water",
    "qty": 1,
    "revenue": 1.0,
    "cogs": 0.2
  },
  {
    "date": "2025-10-14",
    "item": "Candy Bar",
    "qty": 1,
    "revenue": 1.25,
    "cogs": 0.4
  },
  {
    "date": "2025-10-15",
    "item": "Pretzels",
    "qty": 1,
    "revenue": 1.0,
    "cogs": 0.3
  },
  {
    "date": "2025-10-15",
    "item": "Chips",
    "qty": 1,
    "revenue": 1.25,
    "cogs": 0.35
  },
  {
    "date": "2025-10-15",
    "item": "Pretzels",
    "qty": 1,
    "revenue": 1.0,
    "cogs": 0.3
  },
  {
    "date": "2025-10-15",
    "item": "Coke",
    "qty": 1,
    "revenue": 1.25,
    "cogs": 0.5
  },
  {
    "date": "2025-10-15",
    "item": "Pretzels",
    "qty": 1,
    "revenue": 1.0,
    "cogs": 0.3
  },
  {
    "date": "2025-10-15",
    "item": "Coke",
    "qty": 1,
    "revenue": 1.25,
    "cogs": 0.5
  },
  {
    "date": "2025-10-15",
    "item": "Chips",
    "qty": 1,
    "revenue": 1.25,
    "cogs": 0.35
  },
  {
    "date": "2025-10-15",
    "item": "Chips",
    "qty": 1,
    "revenue": 1.25,
    "cogs": 0.35
  },
  {
    "date": "2025-10-15",
    "item": "Chips",
    "qty": 1,
    "revenue": 1.25,
    "cogs": 0.35
  },
  {
    "date": "2025-10-15",
    "item": "Coke",
    "qty": 1,
    "revenue": 1.25,
    "cogs": 0.5
  },
  {
    "date": "2025-10-15",
    "item": "Coke",
    "qty": 1,
    "revenue": 1.25,
    "cogs": 0.5
  },
  {
    "date": "2025-10-15",
    "item": "Coke",
    "qty": 1,
    "revenue": 1.25,
    "cogs": 0.5
  },
  {
    "date": "2025-10-15",
    "item": "Water",
    "qty": 1,
    "revenue": 1.0,
    "cogs": 0.2
  },
  {
    "date": "2025-10-15",
    "item": "Water",
    "qty": 1,
    "revenue": 1.0,
    "cogs": 0.2
  },
  {
    "date": "2025-10-15",
    "item": "Pretzels",
    "qty": 1,
    "revenue": 1.0,
    "cogs": 0.3
  },
  {
    "date": "2025-10-15",
    "item": "Chips",
    "qty": 1,
    "revenue": 1.25,
    "cogs": 0.35
  },
  {
    "date": "2025-10-16",
    "item": "Chips",
    "qty": 1,
    "revenue": 1.25,
    "cogs": 0.35
  },
  {
    "date": "2025-10-16",
    "item": "Water",
    "qty": 1,
    "revenue": 1.0,
    "cogs": 0.2
  },
  {
    "date": "2025-11-07",
    "item": "Pretzels",
    "qty": 1,
    "revenue": 1.0,
    "cogs": 0.3
  },
  {
    "date": "2025-11-07",
    "item": "Diet Coke",
    "qty": 1,
    "revenue": 1.25,
    "cogs": 0.5
  },
  {
    "date": "2025-11-07",
    "item": "Coke",
    "qty": 1,
    "revenue": 1.25,
    "cogs": 0.5
  },
  {
    "date": "2025-11-07",
    "item": "Pretzels",
    "qty": 1,
    "revenue": 1.0,
    "cogs": 0.3
  },
  {
    "date": "2025-11-07",
    "item": "Gum",
    "qty": 1,
    "revenue": 0.75,
    "cogs": 0.1
  },
  {
    "date": "2025-11-07",
    "item": "Granola Bar",
    "qty": 1,
    "revenue": 1.25,
    "cogs": 0.35
  },
  {
    "date": "2025-11-07",
    "item": "Pretzels",
    "qty": 1,
    "revenue": 1.0,
    "cogs": 0.3
  },
  {
    "date": "2025-11-07",
    "item": "Coke",
    "qty": 1,
    "revenue": 1.25,
    "cogs": 0.5
  },
  {
    "date": "2025-11-07",
    "item": "Diet Coke",
    "qty": 1,
    "revenue": 1.25,
    "cogs": 0.5
  },
  {
    "date": "2025-11-07",
    "item": "Granola Bar",
    "qty": 1,
    "revenue": 1.25,
    "cogs": 0.35
  },
  {
    "date": "2025-11-07",
    "item": "Gum",
    "qty": 1,
    "revenue": 0.75,
    "cogs": 0.1
  },
  {
    "date": "2025-11-07",
    "item": "Water",
    "qty": 1,
    "revenue": 1.0,
    "cogs": 0.2
  },
  {
    "date": "2025-11-07",
    "item": "Gum",
    "qty": 1,
    "revenue": 0.75,
    "cogs": 0.1
  },
  {
    "date": "2025-11-07",
    "item": "Chips",
    "qty": 1,
    "revenue": 1.25,
    "cogs": 0.35
  },
  {
    "date": "2025-11-07",
    "item": "Pretzels",
    "qty": 1,
    "revenue": 1.0,
    "cogs": 0.3
  },
  {
    "date": "2025-11-07",
    "item": "Coke",
    "qty": 1,
    "revenue": 1.25,
    "cogs": 0.5
  },
  {
    "date": "2025-11-08",
    "item": "Coke",
    "qty": 1,
    "revenue": 1.25,
    "cogs": 0.5
  },
  {
    "date": "2025-11-08",
    "item": "Coke",
    "qty": 1,
    "revenue": 1.25,
    "cogs": 0.5
  },
  {
    "date": "2025-11-08",
    "item": "Diet Coke",
    "qty": 1,
    "revenue": 1.25,
    "cogs": 0.5
  },
  {
    "date": "2025-11-08",
    "item": "Chips",
    "qty": 1,
    "revenue": 1.25,
    "cogs": 0.35
  },
  {
    "date": "2025-11-09",
    "item": "Candy Bar",
    "qty": 1,
    "revenue": 1.25,
    "cogs": 0.4
  },
  {
    "date": "2025-11-09",
    "item": "Diet Coke",
    "qty": 1,
    "revenue": 1.25,
    "cogs": 0.5
  },
  {
    "date": "2025-11-09",
    "item": "Diet Coke",
    "qty": 1,
    "revenue": 1.25,
    "cogs": 0.5
  },
  {
    "date": "2025-11-09",
    "item": "Gum",
    "qty": 1,
    "revenue": 0.75,
    "cogs": 0.1
  },
  {
    "date": "2025-11-09",
    "item": "Pretzels",
    "qty": 1,
    "revenue": 1.0,
    "cogs": 0.3
  },
  {
    "date": "2025-11-09",
    "item": "Candy Bar",
    "qty": 1,
    "revenue": 1.25,
    "cogs": 0.4
  },
  {
    "date": "2025-11-09",
    "item": "Diet Coke",
    "qty": 1,
    "revenue": 1.25,
    "cogs": 0.5
  },
  {
    "date": "2025-11-09",
    "item": "Pepsi",
    "qty": 1,
    "revenue": 1.25,
    "cogs": 0.5
  },
  {
    "date": "2025-11-09",
    "item": "Coke",
    "qty": 1,
    "revenue": 1.25,
    "cogs": 0.5
  },
  {
    "date": "2025-11-09",
    "item": "Cookies",
    "qty": 1,
    "revenue": 1.5,
    "cogs": 0.45
  },
  {
    "date": "2025-11-09",
    "item": "Diet Coke",
    "qty": 1,
    "revenue": 1.25,
    "cogs": 0.5
  },
  {
    "date": "2025-11-09",
    "item": "Chips",
    "qty": 1,
    "revenue": 1.25,
    "cogs": 0.35
  },
  {
    "date": "2025-11-09",
    "item": "Cookies",
    "qty": 1,
    "revenue": 1.5,
    "cogs": 0.45
  },
  {
    "date": "2025-11-09",
    "item": "Diet Coke",
    "qty": 1,
    "revenue": 1.25,
    "cogs": 0.5
  },
  {
    "date": "2025-11-10",
    "item": "Gum",
    "qty": 1,
    "revenue": 0.75,
    "cogs": 0.1
  },
  {
    "date": "2025-11-10",
    "item": "Gum",
    "qty": 1,
    "revenue": 0.75,
    "cogs": 0.1
  },
  {
    "date": "2025-11-10",
    "item": "Pepsi",
    "qty": 1,
    "revenue": 1.25,
    "cogs": 0.5
  },
  {
    "date": "2025-11-10",
    "item": "Cookies",
    "qty": 1,
    "revenue": 1.5,
    "cogs": 0.45
  },
  {
    "date": "2025-11-10",
    "item": "Granola Bar",
    "qty": 1,
    "revenue": 1.25,
    "cogs": 0.35
  },
  {
    "date": "2025-11-10",
    "item": "Coke",
    "qty": 1,
    "revenue": 1.25,
    "cogs": 0.5
  },
  {
    "date": "2025-11-10",
    "item": "Diet Coke",
    "qty": 1,
    "revenue": 1.25,
    "cogs": 0.5
  },
  {
    "date": "2025-11-10",
    "item": "Coke",
    "qty": 1,
    "revenue": 1.25,
    "cogs": 0.5
  },
  {
    "date": "2025-11-10",
    "item": "Chips",
    "qty": 1,
    "revenue": 1.25,
    "cogs": 0.35
  },
  {
    "date": "2025-11-10",
    "item": "Cookies",
    "qty": 1,
    "revenue": 1.5,
    "cogs": 0.45
  },
  {
    "date": "2025-11-10",
    "item": "Coke",
    "qty": 1,
    "revenue": 1.25,
    "cogs": 0.5
  },
  {
    "date": "2025-11-11",
    "item": "Gum",
    "qty": 1,
    "revenue": 0.75,
    "cogs": 0.1
  },
  {
    "date": "2025-11-11",
    "item": "Granola Bar",
    "qty": 1,
    "revenue": 1.25,
    "cogs": 0.35
  },
  {
    "date": "2025-11-11",
    "item": "Pretzels",
    "qty": 1,
    "revenue": 1.0,
    "cogs": 0.3
  },
  {
    "date": "2025-11-11",
    "item": "Pretzels",
    "qty": 1,
    "revenue": 1.0,
    "cogs": 0.3
  },
  {
    "date": "2025-11-11",
    "item": "Chips",
    "qty": 1,
    "revenue": 1.25,
    "cogs": 0.35
  },
  {
    "date": "2025-11-12",
    "item": "Granola Bar",
    "qty": 1,
    "revenue": 1.25,
    "cogs": 0.35
  },
  {
    "date": "2025-11-12",
    "item": "Chips",
    "qty": 1,
    "revenue": 1.25,
    "cogs": 0.35
  },
  {
    "date": "2025-11-12",
    "item": "Chips",
    "qty": 1,
    "revenue": 1.25,
    "cogs": 0.35
  },
  {
    "date": "2025-11-12",
    "item": "Water",
    "qty": 1,
    "revenue": 1.0,
    "cogs": 0.2
  },
  {
    "date": "2025-11-12",
    "item": "Candy Bar",
    "qty": 1,
    "revenue": 1.25,
    "cogs": 0.4
  },
  {
    "date": "2025-11-12",
    "item": "Diet Coke",
    "qty": 1,
    "revenue": 1.25,
    "cogs": 0.5
  },
  {
    "date": "2025-11-12",
    "item": "Diet Coke",
    "qty": 1,
    "revenue": 1.25,
    "cogs": 0.5
  },
  {
    "date": "2025-11-12",
    "item": "Gum",
    "qty": 1,
    "revenue": 0.75,
    "cogs": 0.1
  },
  {
    "date": "2025-11-12",
    "item": "Chips",
    "qty": 1,
    "revenue": 1.25,
    "cogs": 0.35
  },
  {
    "date": "2025-11-12",
    "item": "Candy Bar",
    "qty": 1,
    "revenue": 1.25,
    "cogs": 0.4
  },
  {
    "date": "2025-11-12",
    "item": "Water",
    "qty": 1,
    "revenue": 1.0,
    "cogs": 0.2
  },
  {
    "date": "2025-11-12",
    "item": "Pepsi",
    "qty": 1,
    "revenue": 1.25,
    "cogs": 0.5
  },
  {
    "date": "2025-11-12",
    "item": "Granola Bar",
    "qty": 1,
    "revenue": 1.25,
    "cogs": 0.35
  },
  {
    "date": "2025-11-12",
    "item": "Gum",
    "qty": 1,
    "revenue": 0.75,
    "cogs": 0.1
  },
  {
    "date": "2025-11-12",
    "item": "Coke",
    "qty": 1,
    "revenue": 1.25,
    "cogs": 0.5
  },
  {
    "date": "2025-11-12",
    "item": "Granola Bar",
    "qty": 1,
    "revenue": 1.25,
    "cogs": 0.35
  },
  {
    "date": "2025-11-12",
    "item": "Coke",
    "qty": 1,
    "revenue": 1.25,
    "cogs": 0.5
  },
  {
    "date": "2025-11-12",
    "item": "Candy Bar",
    "qty": 1,
    "revenue": 1.25,
    "cogs": 0.4
  },
  {
    "date": "2025-11-13",
    "item": "Cookies",
    "qty": 1,
    "revenue": 1.5,
    "cogs": 0.45
  },
  {
    "date": "2025-11-13",
    "item": "Chips",
    "qty": 1,
    "revenue": 1.25,
    "cogs": 0.35
  },
  {
    "date": "2025-11-13",
    "item": "Pretzels",
    "qty": 1,
    "revenue": 1.0,
    "cogs": 0.3
  },
  {
    "date": "2025-11-13",
    "item": "Water",
    "qty": 1,
    "revenue": 1.0,
    "cogs": 0.2
  },
  {
    "date": "2025-11-13",
    "item": "Candy Bar",
    "qty": 1,
    "revenue": 1.25,
    "cogs": 0.4
  },
  {
    "date": "2025-11-13",
    "item": "Water",
    "qty": 1,
    "revenue": 1.0,
    "cogs": 0.2
  },
  {
    "date": "2025-11-14",
    "item": "Candy Bar",
    "qty": 1,
    "revenue": 1.25,
    "cogs": 0.4
  },
  {
    "date": "2025-11-14",
    "item": "Chips",
    "qty": 1,
    "revenue": 1.25,
    "cogs": 0.35
  },
  {
    "date": "2025-11-14",
    "item": "Diet Coke",
    "qty": 1,
    "revenue": 1.25,
    "cogs": 0.5
  },
  {
    "date": "2025-11-14",
    "item": "Coke",
    "qty": 1,
    "revenue": 1.25,
    "cogs": 0.5
  },
  {
    "date": "2025-11-14",
    "item": "Diet Coke",
    "qty": 1,
    "revenue": 1.25,
    "cogs": 0.5
  },
  {
    "date": "2025-11-14",
    "item": "Coke",
    "qty": 1,
    "revenue": 1.25,
    "cogs": 0.5
  },
  {
    "date": "2025-11-14",
    "item": "Pretzels",
    "qty": 1,
    "revenue": 1.0,
    "cogs": 0.3
  },
  {
    "date": "2025-11-15",
    "item": "Cookies",
    "qty": 1,
    "revenue": 50.0,
    "cogs": 0.45
  },
  {
    "date": "2025-11-15",
    "item": "Candy Bar",
    "qty": 1,
    "revenue": 50.0,
    "cogs": 0.4
  },
  {
    "date": "2025-11-15",
    "item": "Pretzels",
    "qty": 1,
    "revenue": 50.0,
    "cogs": 0.3
  },
  {
    "date": "2025-11-15",
    "item": "Coke",
    "qty": 1,
    "revenue": 50.0,
    "cogs": 0.5
  },
  {
    "date": "2025-11-15",
    "item": "Candy Bar",
    "qty": 1,
    "revenue": 50.0,
    "cogs": 0.4
  },
  {
    "date": "2025-11-15",
    "item": "Coke",
    "qty": 1,
    "revenue": 50.0,
    "cogs": 0.5
  },
  {
    "date": "2025-11-15",
    "item": "Pepsi",
    "qty": 1,
    "revenue": 50.0,
    "cogs": 0.5
  },
  {
    "date": "2025-11-15",
    "item": "Pepsi",
    "qty": 1,
    "revenue": 50.0,
    "cogs": 0.5
  },
  {
    "date": "2025-11-16",
    "item": "Candy Bar",
    "qty": 1,
    "revenue": 50.0,
    "cogs": 0.4
  },
  {
    "date": "2025-11-16",
    "item": "Chips",
    "qty": 1,
    "revenue": 50.0,
    "cogs": 0.35
  },
  {
    "date": "2025-11-16",
    "item": "Coke",
    "qty": 1,
    "revenue": 50.0,
    "cogs": 0.5
  },
  {
    "date": "2025-11-16",
    "item": "Gum",
    "qty": 1,
    "revenue": 50.0,
    "cogs": 0.1
  },
  {
    "date": "2025-11-16",
    "item": "Gum",
    "qty": 1,
    "revenue": 50.0,
    "cogs": 0.1
  },
  {
    "date": "2025-11-16",
    "item": "Coke",
    "qty": 1,
    "revenue": 50.0,
    "cogs": 0.5
  },
  {
    "date": "2025-11-16",
    "item": "Pretzels",
    "qty": 1,
    "revenue": 50.0,
    "cogs": 0.3
  },
  {
    "date": "2025-11-16",
    "item": "Chips",
    "qty": 1,
    "revenue": 50.0,
    "cogs": 0.35
  },
  {
    "date": "2025-11-17",
    "item": "Water",
    "qty": 1,
    "revenue": 50.0,
    "cogs": 0.2
  },
  {
    "date": "2025-11-17",
    "item": "Pepsi",
    "qty": 1,
    "revenue": 50.0,
    "cogs": 0.5
  },
  {
    "date": "2025-11-17",
    "item": "Gum",
    "qty": 1,
    "revenue": 50.0,
    "cogs": 0.1
  },
  {
    "date": "2025-11-17",
    "item": "Diet Coke",
    "qty": 1,
    "revenue": 50.0,
    "cogs": 0.5
  },
  {
    "date": "2025-11-17",
    "item": "Gum",
    "qty": 1,
    "revenue": 50.0,
    "cogs": 0.1
  },
  {
    "date": "2025-11-17",
    "item": "Water",
    "qty": 1,
    "revenue": 50.0,
    "cogs": 0.2
  },
  {
    "date": "2025-11-17",
    "item": "Water",
    "qty": 1,
    "revenue": 50.0,
    "cogs": 0.2
  },
  {
    "date": "2025-11-17",
    "item": "Chips",
    "qty": 1,
    "revenue": 50.0,
    "cogs": 0.35
  },
  {
    "date": "2025-11-17",
    "item": "Pretzels",
    "qty": 1,
    "revenue": 50.0,
    "cogs": 0.3
  },
  {
    "date": "2025-11-17",
    "item": "Pretzels",
    "qty": 1,
    "revenue": 50.0,
    "cogs": 0.3
  },
  {
    "date": "2025-11-17",
    "item": "Cookies",
    "qty": 1,
    "revenue": 50.0,
    "cogs": 0.45
  },
  {
    "date": "2025-11-17",
    "item": "Granola Bar",
    "qty": 1,
    "revenue": 50.0,
    "cogs": 0.35
  },
  {
    "date": "2025-11-17",
    "item": "Gum",
    "qty": 1,
    "revenue": 50.0,
    "cogs": 0.1
  },
  {
    "date": "2025-11-17",
    "item": "Candy Bar",
    "qty": 1,
    "revenue": 50.0,
    "cogs": 0.4
  },
  {
    "date": "2025-11-18",
    "item": "Granola Bar",
    "qty": 1,
    "revenue": 50.0,
    "cogs": 0.35
  },
  {
    "date": "2025-11-18",
    "item": "Granola Bar",
    "qty": 1,
    "revenue": 50.0,
    "cogs": 0.35
  },
  {
    "date": "2025-11-18",
    "item": "Pretzels",
    "qty": 1,
    "revenue": 50.0,
    "cogs": 0.3
  },
  {
    "date": "2025-11-18",
    "item": "Pretzels",
    "qty": 1,
    "revenue": 50.0,
    "cogs": 0.3
  },
  {
    "date": "2025-11-18",
    "item": "Diet Coke",
    "qty": 1,
    "revenue": 50.0,
    "cogs": 0.5
  },
  {
    "date": "2025-11-18",
    "item": "Cookies",
    "qty": 1,
    "revenue": 50.0,
    "cogs": 0.45
  },
  {
    "date": "2025-11-18",
    "item": "Candy Bar",
    "qty": 1,
    "revenue": 50.0,
    "cogs": 0.4
  },
  {
    "date": "2025-11-18",
    "item": "Pepsi",
    "qty": 1,
    "revenue": 50.0,
    "cogs": 0.5
  },
  {
    "date": "2025-11-18",
    "item": "Cookies",
    "qty": 1,
    "revenue": 50.0,
    "cogs": 0.45
  },
  {
    "date": "2025-11-18",
    "item": "Pepsi",
    "qty": 1,
    "revenue": 50.0,
    "cogs": 0.5
  },
  {
    "date": "2025-11-18",
    "item": "Cookies",
    "qty": 1,
    "revenue": 50.0,
    "cogs": 0.45
  },
  {
    "date": "2025-11-18",
    "item": "Candy Bar",
    "qty": 1,
    "revenue": 50.0,
    "cogs": 0.4
  },
  {
    "date": "2025-11-18",
    "item": "Water",
    "qty": 1,
    "revenue": 50.0,
    "cogs": 0.2
  },
  {
    "date": "2025-11-18",
    "item": "Coke",
    "qty": 1,
    "revenue": 50.0,
    "cogs": 0.5
  },
  {
    "date": "2025-11-18",
    "item": "Candy Bar",
    "qty": 1,
    "revenue": 50.0,
    "cogs": 0.4
  },
  {
    "date": "2025-11-18",
    "item": "Pepsi",
    "qty": 1,
    "revenue": 50.0,
    "cogs": 0.5
  },
  {
    "date": "2025-11-19",
    "item": "Water",
    "qty": 1,
    "revenue": 50.0,
    "cogs": 0.2
  },
  {
    "date": "2025-11-19",
    "item": "Candy Bar",
    "qty": 1,
    "revenue": 50.0,
    "cogs": 0.4
  },
  {
    "date": "2025-11-19",
    "item": "Chips",
    "qty": 1,
    "revenue": 50.0,
    "cogs": 0.35
  },
  {
    "date": "2025-11-19",
    "item": "Pepsi",
    "qty": 1,
    "revenue": 50.0,
    "cogs": 0.5
  },
  {
    "date": "2025-11-19",
    "item": "Diet Coke",
    "qty": 1,
    "revenue": 50.0,
    "cogs": 0.5
  },
  {
    "date": "2025-11-19",
    "item": "Cookies",
    "qty": 1,
    "revenue": 50.0,
    "cogs": 0.45
  },
  {
    "date": "2025-11-19",
    "item": "Granola Bar",
    "qty": 1,
    "revenue": 50.0,
    "cogs": 0.35
  },
  {
    "date": "2025-11-19",
    "item": "Pepsi",
    "qty": 1,
    "revenue": 50.0,
    "cogs": 0.5
  },
  {
    "date": "2025-11-19",
    "item": "Water",
    "qty": 1,
    "revenue": 50.0,
    "cogs": 0.2
  },
  {
    "date": "2025-11-19",
    "item": "Coke",
    "qty": 1,
    "revenue": 50.0,
    "cogs": 0.5
  },
  {
    "date": "2025-11-20",
    "item": "Water",
    "qty": 1,
    "revenue": 50.0,
    "cogs": 0.2
  },
  {
    "date": "2025-11-20",
    "item": "Gum",
    "qty": 1,
    "revenue": 50.0,
    "cogs": 0.1
  },
  {
    "date": "2025-11-20",
    "item": "Pretzels",
    "qty": 1,
    "revenue": 50.0,
    "cogs": 0.3
  },
  {
    "date": "2025-11-20",
    "item": "Chips",
    "qty": 1,
    "revenue": 50.0,
    "cogs": 0.35
  },
  {
    "date": "2025-11-20",
    "item": "Gum",
    "qty": 1,
    "revenue": 50.0,
    "cogs": 0.1
  },
  {
    "date": "2025-11-20",
    "item": "Candy Bar",
    "qty": 1,
    "revenue": 50.0,
    "cogs": 0.4
  },
  {
    "date": "2025-11-20",
    "item": "Pretzels",
    "qty": 1,
    "revenue": 50.0,
    "cogs": 0.3
  },
  {
    "date": "2025-11-20",
    "item": "Cookies",
    "qty": 1,
    "revenue": 50.0,
    "cogs": 0.45
  },
  {
    "date": "2025-11-20",
    "item": "Diet Coke",
    "qty": 1,
    "revenue": 50.0,
    "cogs": 0.5
  },
  {
    "date": "2025-11-20",
    "item": "Granola Bar",
    "qty": 1,
    "revenue": 50.0,
    "cogs": 0.35
  },
  {
    "date": "2025-11-20",
    "item": "Granola Bar",
    "qty": 1,
    "revenue": 50.0,
    "cogs": 0.35
  },
  {
    "date": "2025-11-20",
    "item": "Pepsi",
    "qty": 1,
    "revenue": 50.0,
    "cogs": 0.5
  },
  {
    "date": "2025-11-20",
    "item": "Coke",
    "qty": 1,
    "revenue": 50.0,
    "cogs": 0.5
  },
  {
    "date": "2025-11-20",
    "item": "Water",
    "qty": 1,
    "revenue": 50.0,
    "cogs": 0.2
  },
  {
    "date": "2025-11-20",
    "item": "Coke",
    "qty": 1,
    "revenue": 50.0,
    "cogs": 0.5
  },
  {
    "date": "2025-11-20",
    "item": "Pretzels",
    "qty": 1,
    "revenue": 50.0,
    "cogs": 0.3
  },
  {
    "date": "2025-11-20",
    "item": "Cookies",
    "qty": 1,
    "revenue": 50.0,
    "cogs": 0.45
  },
  {
    "date": "2025-11-20",
    "item": "Pepsi",
    "qty": 1,
    "revenue": 50.0,
    "cogs": 0.5
  },
  {
    "date": "2025-11-20",
    "item": "Water",
    "qty": 1,
    "revenue": 50.0,
    "cogs": 0.2
  },
  {
    "date": "2025-11-21",
    "item": "Candy Bar",
    "qty": 1,
    "revenue": 50.0,
    "cogs": 0.4
  },
  {
    "date": "2025-11-21",
    "item": "Cookies",
    "qty": 1,
    "revenue": 50.0,
    "cogs": 0.45
  },
  {
    "date": "2025-11-21",
    "item": "Pretzels",
    "qty": 1,
    "revenue": 50.0,
    "cogs": 0.3
  },
  {
    "date": "2025-11-21",
    "item": "Chips",
    "qty": 1,
    "revenue": 50.0,
    "cogs": 0.35
  },
  {
    "date": "2025-11-21",
    "item": "Cookies",
    "qty": 1,
    "revenue": 50.0,
    "cogs": 0.45
  },
  {
    "date": "2025-11-21",
    "item": "Water",
    "qty": 1,
    "revenue": 50.0,
    "cogs": 0.2
  },
  {
    "date": "2025-11-21",
    "item": "Coke",
    "qty": 1,
    "revenue": 50.0,
    "cogs": 0.5
  },
  {
    "date": "2025-11-21",
    "item": "Pepsi",
    "qty": 1,
    "revenue": 50.0,
    "cogs": 0.5
  },
  {
    "date": "2025-11-21",
    "item": "Pretzels",
    "qty": 1,
    "revenue": 50.0,
    "cogs": 0.3
  },
  {
    "date": "2025-11-21",
    "item": "Water",
    "qty": 1,
    "revenue": 50.0,
    "cogs": 0.2
  },
  {
    "date": "2025-11-21",
    "item": "Pepsi",
    "qty": 1,
    "revenue": 50.0,
    "cogs": 0.5
  },
  {
    "date": "2025-11-21",
    "item": "Pretzels",
    "qty": 1,
    "revenue": 50.0,
    "cogs": 0.3
  },
  {
    "date": "2025-11-21",
    "item": "Candy Bar",
    "qty": 1,
    "revenue": 50.0,
    "cogs": 0.4
  },
  {
    "date": "2025-11-21",
    "item": "Coke",
    "qty": 1,
    "revenue": 50.0,
    "cogs": 0.5
  },
  {
    "date": "2025-11-21",
    "item": "Water",
    "qty": 1,
    "revenue": 50.0,
    "cogs": 0.2
  },
  {
    "date": "2025-11-22",
    "item": "Pretzels",
    "qty": 1,
    "revenue": 50.0,
    "cogs": 0.3
  },
  {
    "date": "2025-11-22",
    "item": "Cookies",
    "qty": 1,
    "revenue": 50.0,
    "cogs": 0.45
  },
  {
    "date": "2025-11-22",
    "item": "Gum",
    "qty": 1,
    "revenue": 50.0,
    "cogs": 0.1
  },
  {
    "date": "2025-11-22",
    "item": "Cookies",
    "qty": 1,
    "revenue": 50.0,
    "cogs": 0.45
  },
  {
    "date": "2025-11-22",
    "item": "Coke",
    "qty": 1,
    "revenue": 50.0,
    "cogs": 0.5
  },
  {
    "date": "2025-11-22",
    "item": "Coke",
    "qty": 1,
    "revenue": 50.0,
    "cogs": 0.5
  },
  {
    "date": "2025-11-22",
    "item": "Chips",
    "qty": 1,
    "revenue": 50.0,
    "cogs": 0.35
  },
  {
    "date": "2025-11-22",
    "item": "Pretzels",
    "qty": 1,
    "revenue": 50.0,
    "cogs": 0.3
  },
  {
    "date": "2025-11-22",
    "item": "Cookies",
    "qty": 1,
    "revenue": 50.0,
    "cogs": 0.45
  },
  {
    "date": "2025-11-22",
    "item": "Diet Coke",
    "qty": 1,
    "revenue": 50.0,
    "cogs": 0.5
  },
  {
    "date": "2025-11-22",
    "item": "Gum",
    "qty": 1,
    "revenue": 50.0,
    "cogs": 0.1
  },
  {
    "date": "2025-11-22",
    "item": "Gum",
    "qty": 1,
    "revenue": 50.0,
    "cogs": 0.1
  },
  {
    "date": "2025-11-23",
    "item": "Coke",
    "qty": 1,
    "revenue": 50.0,
    "cogs": 0.5
  },
  {
    "date": "2025-11-23",
    "item": "Granola Bar",
    "qty": 1,
    "revenue": 50.0,
    "cogs": 0.35
  },
  {
    "date": "2025-11-23",
    "item": "Gum",
    "qty": 1,
    "revenue": 50.0,
    "cogs": 0.1
  },
  {
    "date": "2025-11-23",
    "item": "Pepsi",
    "qty": 1,
    "revenue": 50.0,
    "cogs": 0.5
  },
  {
    "date": "2025-11-24",
    "item": "Diet Coke",
    "qty": 1,
    "revenue": 50.0,
    "cogs": 0.5
  },
  {
    "date": "2025-11-24",
    "item": "Cookies",
    "qty": 1,
    "revenue": 50.0,
    "cogs": 0.45
  },
  {
    "date": "2025-11-24",
    "item": "Pepsi",
    "qty": 1,
    "revenue": 50.0,
    "cogs": 0.5
  },
  {
    "date": "2025-11-24",
    "item": "Water",
    "qty": 1,
    "revenue": 50.0,
    "cogs": 0.2
  },
  {
    "date": "2025-11-24",
    "item": "Water",
    "qty": 1,
    "revenue": 50.0,
    "cogs": 0.2
  },
  {
    "date": "2025-11-24",
    "item": "Pepsi",
    "qty": 1,
    "revenue": 50.0,
    "cogs": 0.5
  },
  {
    "date": "2025-11-24",
    "item": "Chips",
    "qty": 1,
    "revenue": 50.0,
    "cogs": 0.35
  },
  {
    "date": "2025-11-24",
    "item": "Gum",
    "qty": 1,
    "revenue": 50.0,
    "cogs": 0.1
  },
  {
    "date": "2025-11-24",
    "item": "Chips",
    "qty": 1,
    "revenue": 50.0,
    "cogs": 0.35
  },
  {
    "date": "2025-11-24",
    "item": "Coke",
    "qty": 1,
    "revenue": 50.0,
    "cogs": 0.5
  },
  {
    "date": "2025-11-24",
    "item": "Candy Bar",
    "qty": 1,
    "revenue": 50.0,
    "cogs": 0.4
  },
  {
    "date": "2025-11-24",
    "item": "Candy Bar",
    "qty": 1,
    "revenue": 50.0,
    "cogs": 0.4
  },
  {
    "date": "2025-11-24",
    "item": "Cookies",
    "qty": 1,
    "revenue": 50.0,
    "cogs": 0.45
  },
  {
    "date": "2025-11-24",
    "item": "Cookies",
    "qty": 1,
    "revenue": 50.0,
    "cogs": 0.45
  },
  {
    "date": "2025-11-24",
    "item": "Pretzels",
    "qty": 1,
    "revenue": 50.0,
    "cogs": 0.3
  },
  {
    "date": "2025-11-24",
    "item": "Pepsi",
    "qty": 1,
    "revenue": 50.0,
    "cogs": 0.5
  },
  {
    "date": "2025-11-24",
    "item": "Gum",
    "qty": 1,
    "revenue": 50.0,
    "cogs": 0.1
  },
  {
    "date": "2025-11-25",
    "item": "Candy Bar",
    "qty": 1,
    "revenue": 50.0,
    "cogs": 0.4
  },
  {
    "date": "2025-11-25",
    "item": "Chips",
    "qty": 1,
    "revenue": 50.0,
    "cogs": 0.35
  },
  {
    "date": "2025-11-25",
    "item": "Cookies",
    "qty": 1,
    "revenue": 50.0,
    "cogs": 0.45
  },
  {
    "date": "2025-11-25",
    "item": "Gum",
    "qty": 1,
    "revenue": 50.0,
    "cogs": 0.1
  },
  {
    "date": "2025-11-25",
    "item": "Gum",
    "qty": 1,
    "revenue": 50.0,
    "cogs": 0.1
  },
  {
    "date": "2025-11-25",
    "item": "Granola Bar",
    "qty": 1,
    "revenue": 50.0,
    "cogs": 0.35
  },
  {
    "date": "2025-11-25",
    "item": "Granola Bar",
    "qty": 1,
    "revenue": 50.0,
    "cogs": 0.35
  },
  {
    "date": "2025-11-25",
    "item": "Water",
    "qty": 1,
    "revenue": 50.0,
    "cogs": 0.2
  },
  {
    "date": "2025-11-25",
    "item": "Cookies",
    "qty": 1,
    "revenue": 50.0,
    "cogs": 0.45
  },
  {
    "date": "2025-11-25",
    "item": "Diet Coke",
    "qty": 1,
    "revenue": 50.0,
    "cogs": 0.5
  },
  {
    "date": "2025-11-26",
    "item": "Cookies",
    "qty": 1,
    "revenue": 50.0,
    "cogs": 0.45
  },
  {
    "date": "2025-11-26",
    "item": "Pepsi",
    "qty": 1,
    "revenue": 50.0,
    "cogs": 0.5
  },
  {
    "date": "2025-11-26",
    "item": "Chips",
    "qty": 1,
    "revenue": 50.0,
    "cogs": 0.35
  },
  {
    "date": "2025-11-26",
    "item": "Water",
    "qty": 1,
    "revenue": 50.0,
    "cogs": 0.2
  },
  {
    "date": "2025-11-26",
    "item": "Cookies",
    "qty": 1,
    "revenue": 50.0,
    "cogs": 0.45
  },
  {
    "date": "2025-11-26",
    "item": "Pretzels",
    "qty": 1,
    "revenue": 50.0,
    "cogs": 0.3
  },
  {
    "date": "2025-11-26",
    "item": "Pretzels",
    "qty": 1,
    "revenue": 50.0,
    "cogs": 0.3
  },
  {
    "date": "2025-11-26",
    "item": "Candy Bar",
    "qty": 1,
    "revenue": 50.0,
    "cogs": 0.4
  },
  {
    "date": "2025-11-26",
    "item": "Diet Coke",
    "qty": 1,
    "revenue": 50.0,
    "cogs": 0.5
  },
  {
    "date": "2025-11-26",
    "item": "Diet Coke",
    "qty": 1,
    "revenue": 50.0,
    "cogs": 0.5
  },
  {
    "date": "2025-11-26",
    "item": "Chips",
    "qty": 1,
    "revenue": 50.0,
    "cogs": 0.35
  },
  {
    "date": "2025-11-26",
    "item": "Gum",
    "qty": 1,
    "revenue": 50.0,
    "cogs": 0.1
  },
  {
    "date": "2025-11-26",
    "item": "Coke",
    "qty": 1,
    "revenue": 50.0,
    "cogs": 0.5
  },
  {
    "date": "2025-11-26",
    "item": "Chips",
    "qty": 1,
    "revenue": 50.0,
    "cogs": 0.35
  },
  {
    "date": "2025-11-26",
    "item": "Pepsi",
    "qty": 1,
    "revenue": 50.0,
    "cogs": 0.5
  },
  {
    "date": "2025-11-26",
    "item": "Pretzels",
    "qty": 1,
    "revenue": 50.0,
    "cogs": 0.3
  },
  {
    "date": "2025-11-26",
    "item": "Gum",
    "qty": 1,
    "revenue": 50.0,
    "cogs": 0.1
  },
  {
    "date": "2025-11-26",
    "item": "Pretzels",
    "qty": 1,
    "revenue": 50.0,
    "cogs": 0.3
  },
  {
    "date": "2025-11-27",
    "item": "Candy Bar",
    "qty": 1,
    "revenue": 50.0,
    "cogs": 0.4
  },
  {
    "date": "2025-11-27",
    "item": "Water",
    "qty": 1,
    "revenue": 50.0,
    "cogs": 0.2
  },
  {
    "date": "2025-11-27",
    "item": "Pepsi",
    "qty": 1,
    "revenue": 50.0,
    "cogs": 0.5
  },
  {
    "date": "2025-11-27",
    "item": "Gum",
    "qty": 1,
    "revenue": 50.0,
    "cogs": 0.1
  },
  {
    "date": "2025-11-27",
    "item": "Granola Bar",
    "qty": 1,
    "revenue": 50.0,
    "cogs": 0.35
  },
  {
    "date": "2025-11-27",
    "item": "Granola Bar",
    "qty": 1,
    "revenue": 50.0,
    "cogs": 0.35
  },
  {
    "date": "2025-11-27",
    "item": "Granola Bar",
    "qty": 1,
    "revenue": 50.0,
    "cogs": 0.35
  },
  {
    "date": "2025-11-27",
    "item": "Gum",
    "qty": 1,
    "revenue": 50.0,
    "cogs": 0.1
  },
  {
    "date": "2025-11-27",
    "item": "Pretzels",
    "qty": 1,
    "revenue": 50.0,
    "cogs": 0.3
  },
  {
    "date": "2025-11-27",
    "item": "Candy Bar",
    "qty": 1,
    "revenue": 50.0,
    "cogs": 0.4
  },
  {
    "date": "2025-11-27",
    "item": "Water",
    "qty": 1,
    "revenue": 50.0,
    "cogs": 0.2
  },
  {
    "date": "2025-11-27",
    "item": "Granola Bar",
    "qty": 1,
    "revenue": 50.0,
    "cogs": 0.35
  },
  {
    "date": "2025-11-27",
    "item": "Gum",
    "qty": 1,
    "revenue": 50.0,
    "cogs": 0.1
  },
  {
    "date": "2025-11-27",
    "item": "Granola Bar",
    "qty": 1,
    "revenue": 50.0,
    "cogs": 0.35
  },
  {
    "date": "2025-11-28",
    "item": "Candy Bar",
    "qty": 1,
    "revenue": 50.0,
    "cogs": 0.4
  },
  {
    "date": "2025-11-28",
    "item": "Water",
    "qty": 1,
    "revenue": 50.0,
    "cogs": 0.2
  },
  {
    "date": "2025-11-28",
    "item": "Water",
    "qty": 1,
    "revenue": 50.0,
    "cogs": 0.2
  },
  {
    "date": "2025-11-28",
    "item": "Water",
    "qty": 1,
    "revenue": 50.0,
    "cogs": 0.2
  },
  {
    "date": "2025-11-28",
    "item": "Water",
    "qty": 1,
    "revenue": 50.0,
    "cogs": 0.2
  },
  {
    "date": "2025-11-28",
    "item": "Granola Bar",
    "qty": 1,
    "revenue": 50.0,
    "cogs": 0.35
  },
  {
    "date": "2025-11-28",
    "item": "Chips",
    "qty": 1,
    "revenue": 50.0,
    "cogs": 0.35
  },
  {
    "date": "2025-11-28",
    "item": "Diet Coke",
    "qty": 1,
    "revenue": 50.0,
    "cogs": 0.5
  },
  {
    "date": "2025-11-28",
    "item": "Gum",
    "qty": 1,
    "revenue": 50.0,
    "cogs": 0.1
  },
  {
    "date": "2025-11-28",
    "item": "Pretzels",
    "qty": 1,
    "revenue": 50.0,
    "cogs": 0.3
  },
  {
    "date": "2025-11-28",
    "item": "Water",
    "qty": 1,
    "revenue": 50.0,
    "cogs": 0.2
  },
  {
    "date": "2025-11-28",
    "item": "Chips",
    "qty": 1,
    "revenue": 50.0,
    "cogs": 0.35
  },
  {
    "date": "2025-11-28",
    "item": "Pretzels",
    "qty": 1,
    "revenue": 50.0,
    "cogs": 0.3
  },
  {
    "date": "2025-11-29",
    "item": "Chips",
    "qty": 1,
    "revenue": 50.0,
    "cogs": 0.35
  },
  {
    "date": "2025-11-29",
    "item": "Granola Bar",
    "qty": 1,
    "revenue": 50.0,
    "cogs": 0.35
  },
  {
    "date": "2025-11-29",
    "item": "Gum",
    "qty": 1,
    "revenue": 50.0,
    "cogs": 0.1
  },
  {
    "date": "2025-11-29",
    "item": "Pepsi",
    "qty": 1,
    "revenue": 50.0,
    "cogs": 0.5
  },
  {
    "date": "2025-11-29",
    "item": "Pretzels",
    "qty": 1,
    "revenue": 50.0,
    "cogs": 0.3
  },
  {
    "date": "2025-11-29",
    "item": "Candy Bar",
    "qty": 1,
    "revenue": 50.0,
    "cogs": 0.4
  },
  {
    "date": "2025-11-29",
    "item": "Pretzels",
    "qty": 1,
    "revenue": 50.0,
    "cogs": 0.3
  },
  {
    "date": "2025-11-29",
    "item": "Diet Coke",
    "qty": 1,
    "revenue": 50.0,
    "cogs": 0.5
  },
  {
    "date": "2025-11-29",
    "item": "Chips",
    "qty": 1,
    "revenue": 50.0,
    "cogs": 0.35
  },
  {
    "date": "2025-11-29",
    "item": "Water",
    "qty": 1,
    "revenue": 50.0,
    "cogs": 0.2
  },
  {
    "date": "2025-11-29",
    "item": "Coke",
    "qty": 1,
    "revenue": 50.0,
    "cogs": 0.5
  },
  {
    "date": "2025-11-29",
    "item": "Pepsi",
    "qty": 1,
    "revenue": 50.0,
    "cogs": 0.5
  },
  {
    "date": "2025-11-29",
    "item": "Water",
    "qty": 1,
    "revenue": 50.0,
    "cogs": 0.2
  },
  {
    "date": "2025-11-29",
    "item": "Pretzels",
    "qty": 1,
    "revenue": 50.0,
    "cogs": 0.3
  },
  {
    "date": "2025-11-29",
    "item": "Diet Coke",
    "qty": 1,
    "revenue": 50.0,
    "cogs": 0.5
  },
  {
    "date": "2025-11-30",
    "item": "Pepsi",
    "qty": 1,
    "revenue": 50.0,
    "cogs": 0.5
  },
  {
    "date": "2025-11-30",
    "item": "Granola Bar",
    "qty": 1,
    "revenue": 50.0,
    "cogs": 0.35
  },
  {
    "date": "2025-11-30",
    "item": "Candy Bar",
    "qty": 1,
    "revenue": 50.0,
    "cogs": 0.4
  },
  {
    "date": "2025-11-30",
    "item": "Pepsi",
    "qty": 1,
    "revenue": 50.0,
    "cogs": 0.5
  },
  {
    "date": "2025-11-30",
    "item": "Pepsi",
    "qty": 1,
    "revenue": 50.0,
    "cogs": 0.5
  },
  {
    "date": "2025-11-30",
    "item": "Diet Coke",
    "qty": 1,
    "revenue": 50.0,
    "cogs": 0.5
  },
  {
    "date": "2025-11-30",
    "item": "Pretzels",
    "qty": 1,
    "revenue": 50.0,
    "cogs": 0.3
  },
  {
    "date": "2025-11-30",
    "item": "Pretzels",
    "qty": 1,
    "revenue": 50.0,
    "cogs": 0.3
  },
  {
    "date": "2025-11-30",
    "item": "Coke",
    "qty": 1,
    "revenue": 50.0,
    "cogs": 0.5
  },
  {
    "date": "2025-11-30",
    "item": "Coke",
    "qty": 1,
    "revenue": 50.0,
    "cogs": 0.5
  },
  {
    "date": "2025-12-01",
    "item": "Diet Coke",
    "qty": 1,
    "revenue": 50.0,
    "cogs": 0.5
  },
  {
    "date": "2025-12-01",
    "item": "Cookies",
    "qty": 1,
    "revenue": 50.0,
    "cogs": 0.45
  },
  {
    "date": "2025-12-01",
    "item": "Water",
    "qty": 1,
    "revenue": 50.0,
    "cogs": 0.2
  },
  {
    "date": "2025-12-01",
    "item": "Pepsi",
    "qty": 1,
    "revenue": 50.0,
    "cogs": 0.5
  },
  {
    "date": "2025-12-01",
    "item": "Cookies",
    "qty": 1,
    "revenue": 50.0,
    "cogs": 0.45
  },
  {
    "date": "2025-12-01",
    "item": "Pretzels",
    "qty": 1,
    "revenue": 50.0,
    "cogs": 0.3
  },
  {
    "date": "2025-12-01",
    "item": "Granola Bar",
    "qty": 1,
    "revenue": 50.0,
    "cogs": 0.35
  },
  {
    "date": "2025-12-01",
    "item": "Granola Bar",
    "qty": 1,
    "revenue": 50.0,
    "cogs": 0.35
  },
  {
    "date": "2025-12-01",
    "item": "Gum",
    "qty": 1,
    "revenue": 50.0,
    "cogs": 0.1
  },
  {
    "date": "2025-12-01",
    "item": "Granola Bar",
    "qty": 1,
    "revenue": 50.0,
    "cogs": 0.35
  },
  {
    "date": "2025-12-01",
    "item": "Water",
    "qty": 1,
    "revenue": 50.0,
    "cogs": 0.2
  },
  {
    "date": "2025-12-01",
    "item": "Granola Bar",
    "qty": 1,
    "revenue": 50.0,
    "cogs": 0.35
  },
  {
    "date": "2025-12-01",
    "item": "Pepsi",
    "qty": 1,
    "revenue": 50.0,
    "cogs": 0.5
  },
  {
    "date": "2025-12-01",
    "item": "Pepsi",
    "qty": 1,
    "revenue": 50.0,
    "cogs": 0.5
  },
  {
    "date": "2025-12-01",
    "item": "Candy Bar",
    "qty": 1,
    "revenue": 50.0,
    "cogs": 0.4
  },
  {
    "date": "2025-12-01",
    "item": "Diet Coke",
    "qty": 1,
    "revenue": 50.0,
    "cogs": 0.5
  },
  {
    "date": "2025-12-01",
    "item": "Water",
    "qty": 1,
    "revenue": 50.0,
    "cogs": 0.2
  },
  {
    "date": "2025-12-01",
    "item": "Gum",
    "qty": 1,
    "revenue": 50.0,
    "cogs": 0.1
  },
  {
    "date": "2025-12-01",
    "item": "Granola Bar",
    "qty": 1,
    "revenue": 50.0,
    "cogs": 0.35
  },
  {
    "date": "2025-12-02",
    "item": "Water",
    "qty": 1,
    "revenue": 50.0,
    "cogs": 0.2
  },
  {
    "date": "2025-12-02",
    "item": "Pretzels",
    "qty": 1,
    "revenue": 50.0,
    "cogs": 0.3
  },
  {
    "date": "2025-12-02",
    "item": "Pepsi",
    "qty": 1,
    "revenue": 50.0,
    "cogs": 0.5
  },
  {
    "date": "2025-12-02",
    "item": "Chips",
    "qty": 1,
    "revenue": 50.0,
    "cogs": 0.35
  },
  {
    "date": "2025-12-02",
    "item": "Pepsi",
    "qty": 1,
    "revenue": 50.0,
    "cogs": 0.5
  },
  {
    "date": "2025-12-02",
    "item": "Chips",
    "qty": 1,
    "revenue": 50.0,
    "cogs": 0.35
  },
  {
    "date": "2025-12-02",
    "item": "Chips",
    "qty": 1,
    "revenue": 50.0,
    "cogs": 0.35
  },
  {
    "date": "2025-12-02",
    "item": "Cookies",
    "qty": 1,
    "revenue": 50.0,
    "cogs": 0.45
  },
  {
    "date": "2025-12-02",
    "item": "Coke",
    "qty": 1,
    "revenue": 50.0,
    "cogs": 0.5
  },
  {
    "date": "2025-12-02",
    "item": "Water",
    "qty": 1,
    "revenue": 50.0,
    "cogs": 0.2
  },
  {
    "date": "2025-12-02",
    "item": "Coke",
    "qty": 1,
    "revenue": 50.0,
    "cogs": 0.5
  },
  {
    "date": "2025-12-02",
    "item": "Cookies",
    "qty": 1,
    "revenue": 50.0,
    "cogs": 0.45
  },
  {
    "date": "2025-12-02",
    "item": "Pepsi",
    "qty": 1,
    "revenue": 50.0,
    "cogs": 0.5
  },
  {
    "date": "2025-12-02",
    "item": "Granola Bar",
    "qty": 1,
    "revenue": 50.0,
    "cogs": 0.35
  },
  {
    "date": "2025-12-02",
    "item": "Chips",
    "qty": 1,
    "revenue": 50.0,
    "cogs": 0.35
  },
  {
    "date": "2025-12-02",
    "item": "Diet Coke",
    "qty": 1,
    "revenue": 50.0,
    "cogs": 0.5
  },
  {
    "date": "2025-12-02",
    "item": "Granola Bar",
    "qty": 1,
    "revenue": 50.0,
    "cogs": 0.35
  },
  {
    "date": "2025-12-02",
    "item": "Chips",
    "qty": 1,
    "revenue": 50.0,
    "cogs": 0.35
  },
  {
    "date": "2025-12-02",
    "item": "Cookies",
    "qty": 1,
    "revenue": 50.0,
    "cogs": 0.45
  },
  {
    "date": "2025-12-03",
    "item": "Diet Coke",
    "qty": 1,
    "revenue": 50.0,
    "cogs": 0.5
  },
  {
    "date": "2025-12-03",
    "item": "Coke",
    "qty": 1,
    "revenue": 50.0,
    "cogs": 0.5
  },
  {
    "date": "2025-12-03",
    "item": "Diet Coke",
    "qty": 1,
    "revenue": 50.0,
    "cogs": 0.5
  },
  {
    "date": "2025-12-03",
    "item": "Coke",
    "qty": 1,
    "revenue": 50.0,
    "cogs": 0.5
  },
  {
    "date": "2025-12-03",
    "item": "Granola Bar",
    "qty": 1,
    "revenue": 50.0,
    "cogs": 0.35
  },
  {
    "date": "2025-12-03",
    "item": "Cookies",
    "qty": 1,
    "revenue": 50.0,
    "cogs": 0.45
  },
  {
    "date": "2025-12-03",
    "item": "Granola Bar",
    "qty": 1,
    "revenue": 50.0,
    "cogs": 0.35
  },
  {
    "date": "2025-12-03",
    "item": "Coke",
    "qty": 1,
    "revenue": 50.0,
    "cogs": 0.5
  },
  {
    "date": "2025-12-03",
    "item": "Cookies",
    "qty": 1,
    "revenue": 50.0,
    "cogs": 0.45
  },
  {
    "date": "2025-12-03",
    "item": "Cookies",
    "qty": 1,
    "revenue": 50.0,
    "cogs": 0.45
  },
  {
    "date": "2025-12-03",
    "item": "Coke",
    "qty": 1,
    "revenue": 50.0,
    "cogs": 0.5
  },
  {
    "date": "2025-12-03",
    "item": "Pepsi",
    "qty": 1,
    "revenue": 50.0,
    "cogs": 0.5
  },
  {
    "date": "2025-12-03",
    "item": "Chips",
    "qty": 1,
    "revenue": 50.0,
    "cogs": 0.35
  },
  {
    "date": "2025-12-03",
    "item": "Granola Bar",
    "qty": 1,
    "revenue": 50.0,
    "cogs": 0.35
  },
  {
    "date": "2025-12-03",
    "item": "Chips",
    "qty": 1,
    "revenue": 50.0,
    "cogs": 0.35
  },
  {
    "date": "2025-12-03",
    "item": "Pepsi",
    "qty": 1,
    "revenue": 50.0,
    "cogs": 0.5
  },
  {
    "date": "2025-12-03",
    "item": "Candy Bar",
    "qty": 1,
    "revenue": 50.0,
    "cogs": 0.4
  },
  {
    "date": "2025-12-03",
    "item": "Candy Bar",
    "qty": 1,
    "revenue": 50.0,
    "cogs": 0.4
  },
  {
    "date": "2025-12-04",
    "item": "Diet Coke",
    "qty": 1,
    "revenue": 50.0,
    "cogs": 0.5
  },
  {
    "date": "2025-12-04",
    "item": "Pepsi",
    "qty": 1,
    "revenue": 50.0,
    "cogs": 0.5
  },
  {
    "date": "2025-12-04",
    "item": "Pepsi",
    "qty": 1,
    "revenue": 50.0,
    "cogs": 0.5
  },
  {
    "date": "2025-12-04",
    "item": "Pepsi",
    "qty": 1,
    "revenue": 50.0,
    "cogs": 0.5
  },
  {
    "date": "2025-12-04",
    "item": "Coke",
    "qty": 1,
    "revenue": 50.0,
    "cogs": 0.5
  },
  {
    "date": "2025-12-04",
    "item": "Pretzels",
    "qty": 1,
    "revenue": 50.0,
    "cogs": 0.3
  },
  {
    "date": "2025-12-04",
    "item": "Water",
    "qty": 1,
    "revenue": 50.0,
    "cogs": 0.2
  },
  {
    "date": "2025-12-04",
    "item": "Cookies",
    "qty": 1,
    "revenue": 50.0,
    "cogs": 0.45
  },
  {
    "date": "2025-12-04",
    "item": "Cookies",
    "qty": 1,
    "revenue": 50.0,
    "cogs": 0.45
  },
  {
    "date": "2025-12-04",
    "item": "Water",
    "qty": 1,
    "revenue": 50.0,
    "cogs": 0.2
  },
  {
    "date": "2025-12-04",
    "item": "Chips",
    "qty": 1,
    "revenue": 50.0,
    "cogs": 0.35
  },
  {
    "date": "2025-12-04",
    "item": "Coke",
    "qty": 1,
    "revenue": 50.0,
    "cogs": 0.5
  },
  {
    "date": "2025-12-04",
    "item": "Coke",
    "qty": 1,
    "revenue": 50.0,
    "cogs": 0.5
  },
  {
    "date": "2025-12-04",
    "item": "Coke",
    "qty": 1,
    "revenue": 50.0,
    "cogs": 0.5
  },
  {
    "date": "2025-12-04",
    "item": "Gum",
    "qty": 1,
    "revenue": 50.0,
    "cogs": 0.1
  },
  {
    "date": "2025-12-04",
    "item": "Pretzels",
    "qty": 1,
    "revenue": 50.0,
    "cogs": 0.3
  },
  {
    "date": "2025-12-05",
    "item": "Diet Coke",
    "qty": 1,
    "revenue": 50.0,
    "cogs": 0.5
  },
  {
    "date": "2025-12-05",
    "item": "Pepsi",
    "qty": 1,
    "revenue": 50.0,
    "cogs": 0.5
  },
  {
    "date": "2025-12-05",
    "item": "Pepsi",
    "qty": 1,
    "revenue": 50.0,
    "cogs": 0.5
  },
  {
    "date": "2025-12-05",
    "item": "Granola Bar",
    "qty": 1,
    "revenue": 50.0,
    "cogs": 0.35
  },
  {
    "date": "2025-12-05",
    "item": "Pepsi",
    "qty": 1,
    "revenue": 50.0,
    "cogs": 0.5
  },
  {
    "date": "2025-12-05",
    "item": "Pepsi",
    "qty": 1,
    "revenue": 50.0,
    "cogs": 0.5
  },
  {
    "date": "2025-12-05",
    "item": "Cookies",
    "qty": 1,
    "revenue": 50.0,
    "cogs": 0.45
  },
  {
    "date": "2025-12-05",
    "item": "Coke",
    "qty": 1,
    "revenue": 50.0,
    "cogs": 0.5
  },
  {
    "date": "2025-12-05",
    "item": "Pretzels",
    "qty": 1,
    "revenue": 50.0,
    "cogs": 0.3
  },
  {
    "date": "2025-12-05",
    "item": "Diet Coke",
    "qty": 1,
    "revenue": 50.0,
    "cogs": 0.5
  },
  {
    "date": "2025-12-05",
    "item": "Chips",
    "qty": 1,
    "revenue": 50.0,
    "cogs": 0.35
  },
  {
    "date": "2025-12-05",
    "item": "Granola Bar",
    "qty": 1,
    "revenue": 50.0,
    "cogs": 0.35
  },
  {
    "date": "2025-12-06",
    "item": "Coke",
    "qty": 1,
    "revenue": 50.0,
    "cogs": 0.5
  },
  {
    "date": "2025-12-06",
    "item": "Pepsi",
    "qty": 1,
    "revenue": 50.0,
    "cogs": 0.5
  },
  {
    "date": "2025-12-06",
    "item": "Water",
    "qty": 1,
    "revenue": 50.0,
    "cogs": 0.2
  },
  {
    "date": "2025-12-06",
    "item": "Coke",
    "qty": 1,
    "revenue": 50.0,
    "cogs": 0.5
  },
  {
    "date": "2025-12-06",
    "item": "Water",
    "qty": 1,
    "revenue": 50.0,
    "cogs": 0.2
  },
  {
    "date": "2025-12-06",
    "item": "Chips",
    "qty": 1,
    "revenue": 50.0,
    "cogs": 0.35
  },
  {
    "date": "2025-12-06",
    "item": "Pretzels",
    "qty": 1,
    "revenue": 50.0,
    "cogs": 0.3
  },
  {
    "date": "2025-12-06",
    "item": "Water",
    "qty": 1,
    "revenue": 50.0,
    "cogs": 0.2
  },
  {
    "date": "2025-12-06",
    "item": "Pepsi",
    "qty": 1,
    "revenue": 50.0,
    "cogs": 0.5
  },
  {
    "date": "2025-12-06",
    "item": "Chips",
    "qty": 1,
    "revenue": 50.0,
    "cogs": 0.35
  },
  {
    "date": "2025-12-07",
    "item": "Pepsi",
    "qty": 1,
    "revenue": 50.0,
    "cogs": 0.5
  },
  {
    "date": "2025-12-07",
    "item": "Chips",
    "qty": 1,
    "revenue": 50.0,
    "cogs": 0.35
  },
  {
    "date": "2025-12-07",
    "item": "Cookies",
    "qty": 1,
    "revenue": 50.0,
    "cogs": 0.45
  },
  {
    "date": "2025-12-07",
    "item": "Candy Bar",
    "qty": 1,
    "revenue": 50.0,
    "cogs": 0.4
  },
  {
    "date": "2025-12-07",
    "item": "Water",
    "qty": 1,
    "revenue": 50.0,
    "cogs": 0.2
  },
  {
    "date": "2025-12-07",
    "item": "Gum",
    "qty": 1,
    "revenue": 50.0,
    "cogs": 0.1
  },
  {
    "date": "2025-12-08",
    "item": "Diet Coke",
    "qty": 1,
    "revenue": 50.0,
    "cogs": 0.5
  },
  {
    "date": "2025-12-08",
    "item": "Diet Coke",
    "qty": 1,
    "revenue": 50.0,
    "cogs": 0.5
  },
  {
    "date": "2025-12-08",
    "item": "Coke",
    "qty": 1,
    "revenue": 50.0,
    "cogs": 0.5
  },
  {
    "date": "2025-12-08",
    "item": "Pretzels",
    "qty": 1,
    "revenue": 50.0,
    "cogs": 0.3
  },
  {
    "date": "2025-12-08",
    "item": "Water",
    "qty": 1,
    "revenue": 50.0,
    "cogs": 0.2
  },
  {
    "date": "2025-12-08",
    "item": "Candy Bar",
    "qty": 1,
    "revenue": 50.0,
    "cogs": 0.4
  },
  {
    "date": "2025-12-08",
    "item": "Water",
    "qty": 1,
    "revenue": 50.0,
    "cogs": 0.2
  },
  {
    "date": "2025-12-08",
    "item": "Water",
    "qty": 1,
    "revenue": 50.0,
    "cogs": 0.2
  },
  {
    "date": "2025-12-08",
    "item": "Pepsi",
    "qty": 1,
    "revenue": 50.0,
    "cogs": 0.5
  },
  {
    "date": "2025-12-08",
    "item": "Chips",
    "qty": 1,
    "revenue": 50.0,
    "cogs": 0.35
  },
  {
    "date": "2025-12-08",
    "item": "Diet Coke",
    "qty": 1,
    "revenue": 50.0,
    "cogs": 0.5
  },
  {
    "date": "2025-12-08",
    "item": "Diet Coke",
    "qty": 1,
    "revenue": 50.0,
    "cogs": 0.5
  },
  {
    "date": "2025-12-08",
    "item": "Gum",
    "qty": 1,
    "revenue": 50.0,
    "cogs": 0.1
  },
  {
    "date": "2025-12-08",
    "item": "Gum",
    "qty": 1,
    "revenue": 50.0,
    "cogs": 0.1
  },
  {
    "date": "2025-12-08",
    "item": "Chips",
    "qty": 1,
    "revenue": 50.0,
    "cogs": 0.35
  },
  {
    "date": "2025-12-08",
    "item": "Pretzels",
    "qty": 1,
    "revenue": 50.0,
    "cogs": 0.3
  },
  {
    "date": "2025-12-08",
    "item": "Cookies",
    "qty": 1,
    "revenue": 50.0,
    "cogs": 0.45
  },
  {
    "date": "2025-12-09",
    "item": "Granola Bar",
    "qty": 1,
    "revenue": 50.0,
    "cogs": 0.35
  },
  {
    "date": "2025-12-09",
    "item": "Candy Bar",
    "qty": 1,
    "revenue": 50.0,
    "cogs": 0.4
  },
  {
    "date": "2025-12-09",
    "item": "Water",
    "qty": 1,
    "revenue": 50.0,
    "cogs": 0.2
  },
  {
    "date": "2025-12-09",
    "item": "Pretzels",
    "qty": 1,
    "revenue": 50.0,
    "cogs": 0.3
  },
  {
    "date": "2025-12-09",
    "item": "Diet Coke",
    "qty": 1,
    "revenue": 50.0,
    "cogs": 0.5
  },
  {
    "date": "2025-12-09",
    "item": "Coke",
    "qty": 1,
    "revenue": 50.0,
    "cogs": 0.5
  },
  {
    "date": "2025-12-09",
    "item": "Diet Coke",
    "qty": 1,
    "revenue": 50.0,
    "cogs": 0.5
  },
  {
    "date": "2025-12-10",
    "item": "Chips",
    "qty": 1,
    "revenue": 50.0,
    "cogs": 0.35
  },
  {
    "date": "2025-12-10",
    "item": "Granola Bar",
    "qty": 1,
    "revenue": 50.0,
    "cogs": 0.35
  },
  {
    "date": "2025-12-10",
    "item": "Pepsi",
    "qty": 1,
    "revenue": 50.0,
    "cogs": 0.5
  },
  {
    "date": "2025-12-10",
    "item": "Diet Coke",
    "qty": 1,
    "revenue": 50.0,
    "cogs": 0.5
  },
  {
    "date": "2025-12-10",
    "item": "Candy Bar",
    "qty": 1,
    "revenue": 50.0,
    "cogs": 0.4
  },
  {
    "date": "2025-12-10",
    "item": "Water",
    "qty": 1,
    "revenue": 50.0,
    "cogs": 0.2
  },
  {
    "date": "2025-12-10",
    "item": "Chips",
    "qty": 1,
    "revenue": 50.0,
    "cogs": 0.35
  },
  {
    "date": "2025-12-10",
    "item": "Cookies",
    "qty": 1,
    "revenue": 50.0,
    "cogs": 0.45
  },
  {
    "date": "2025-12-10",
    "item": "Cookies",
    "qty": 1,
    "revenue": 50.0,
    "cogs": 0.45
  },
  {
    "date": "2025-12-10",
    "item": "Candy Bar",
    "qty": 1,
    "revenue": 50.0,
    "cogs": 0.4
  },
  {
    "date": "2025-12-10",
    "item": "Water",
    "qty": 1,
    "revenue": 50.0,
    "cogs": 0.2
  },
  {
    "date": "2025-12-10",
    "item": "Candy Bar",
    "qty": 1,
    "revenue": 50.0,
    "cogs": 0.4
  },
  {
    "date": "2025-12-10",
    "item": "Water",
    "qty": 1,
    "revenue": 50.0,
    "cogs": 0.2
  },
  {
    "date": "2025-12-11",
    "item": "Gum",
    "qty": 1,
    "revenue": 50.0,
    "cogs": 0.1
  },
  {
    "date": "2025-12-11",
    "item": "Cookies",
    "qty": 1,
    "revenue": 50.0,
    "cogs": 0.45
  },
  {
    "date": "2025-12-11",
    "item": "Cookies",
    "qty": 1,
    "revenue": 50.0,
    "cogs": 0.45
  },
  {
    "date": "2025-12-11",
    "item": "Pepsi",
    "qty": 1,
    "revenue": 50.0,
    "cogs": 0.5
  },
  {
    "date": "2025-12-11",
    "item": "Diet Coke",
    "qty": 1,
    "revenue": 50.0,
    "cogs": 0.5
  },
  {
    "date": "2025-12-11",
    "item": "Gum",
    "qty": 1,
    "revenue": 50.0,
    "cogs": 0.1
  },
  {
    "date": "2025-12-11",
    "item": "Cookies",
    "qty": 1,
    "revenue": 50.0,
    "cogs": 0.45
  },
  {
    "date": "2025-12-11",
    "item": "Granola Bar",
    "qty": 1,
    "revenue": 50.0,
    "cogs": 0.35
  },
  {
    "date": "2025-12-11",
    "item": "Gum",
    "qty": 1,
    "revenue": 50.0,
    "cogs": 0.1
  },
  {
    "date": "2025-12-11",
    "item": "Diet Coke",
    "qty": 1,
    "revenue": 50.0,
    "cogs": 0.5
  },
  {
    "date": "2025-12-11",
    "item": "Pepsi",
    "qty": 1,
    "revenue": 50.0,
    "cogs": 0.5
  },
  {
    "date": "2025-12-11",
    "item": "Pepsi",
    "qty": 1,
    "revenue": 50.0,
    "cogs": 0.5
  },
  {
    "date": "2025-12-11",
    "item": "Pretzels",
    "qty": 1,
    "revenue": 50.0,
    "cogs": 0.3
  },
  {
    "date": "2025-12-11",
    "item": "Cookies",
    "qty": 1,
    "revenue": 50.0,
    "cogs": 0.45
  },
  {
    "date": "2025-12-11",
    "item": "Candy Bar",
    "qty": 1,
    "revenue": 50.0,
    "cogs": 0.4
  },
  {
    "date": "2025-12-11",
    "item": "Water",
    "qty": 1,
    "revenue": 50.0,
    "cogs": 0.2
  },
  {
    "date": "2025-12-11",
    "item": "Cookies",
    "qty": 1,
    "revenue": 50.0,
    "cogs": 0.45
  },
  {
    "date": "2025-12-11",
    "item": "Water",
    "qty": 1,
    "revenue": 50.0,
    "cogs": 0.2
  },
  {
    "date": "2025-12-11",
    "item": "Candy Bar",
    "qty": 1,
    "revenue": 50.0,
    "cogs": 0.4
  },
  {
    "date": "2025-12-11",
    "item": "Chips",
    "qty": 1,
    "revenue": 50.0,
    "cogs": 0.35
  },
  {
    "date": "2025-12-11",
    "item": "Chips",
    "qty": 1,
    "revenue": 50.0,
    "cogs": 0.35
  },
  {
    "date": "2025-12-12",
    "item": "Coke",
    "qty": 1,
    "revenue": 50.0,
    "cogs": 0.5
  },
  {
    "date": "2025-12-12",
    "item": "Gum",
    "qty": 1,
    "revenue": 50.0,
    "cogs": 0.1
  },
  {
    "date": "2025-12-12",
    "item": "Cookies",
    "qty": 1,
    "revenue": 50.0,
    "cogs": 0.45
  },
  {
    "date": "2025-12-12",
    "item": "Granola Bar",
    "qty": 1,
    "revenue": 50.0,
    "cogs": 0.35
  },
  {
    "date": "2025-12-12",
    "item": "Cookies",
    "qty": 1,
    "revenue": 50.0,
    "cogs": 0.45
  },
  {
    "date": "2025-12-12",
    "item": "Diet Coke",
    "qty": 1,
    "revenue": 50.0,
    "cogs": 0.5
  },
  {
    "date": "2025-12-12",
    "item": "Cookies",
    "qty": 1,
    "revenue": 50.0,
    "cogs": 0.45
  },
  {
    "date": "2025-12-12",
    "item": "Coke",
    "qty": 1,
    "revenue": 50.0,
    "cogs": 0.5
  },
  {
    "date": "2025-12-12",
    "item": "Cookies",
    "qty": 1,
    "revenue": 50.0,
    "cogs": 0.45
  },
  {
    "date": "2025-12-12",
    "item": "Pretzels",
    "qty": 1,
    "revenue": 50.0,
    "cogs": 0.3
  },
  {
    "date": "2025-12-12",
    "item": "Coke",
    "qty": 1,
    "revenue": 50.0,
    "cogs": 0.5
  },
  {
    "date": "2025-12-12",
    "item": "Gum",
    "qty": 1,
    "revenue": 50.0,
    "cogs": 0.1
  },
  {
    "date": "2025-12-12",
    "item": "Gum",
    "qty": 1,
    "revenue": 50.0,
    "cogs": 0.1
  },
  {
    "date": "2025-12-12",
    "item": "Pretzels",
    "qty": 1,
    "revenue": 50.0,
    "cogs": 0.3
  },
  {
    "date": "2025-12-12",
    "item": "Cookies",
    "qty": 1,
    "revenue": 50.0,
    "cogs": 0.45
  },
  {
    "date": "2025-12-12",
    "item": "Candy Bar",
    "qty": 1,
    "revenue": 50.0,
    "cogs": 0.4
  },
  {
    "date": "2025-12-13",
    "item": "Granola Bar",
    "qty": 1,
    "revenue": 50.0,
    "cogs": 0.35
  },
  {
    "date": "2025-12-13",
    "item": "Candy Bar",
    "qty": 1,
    "revenue": 50.0,
    "cogs": 0.4
  },
  {
    "date": "2025-12-13",
    "item": "Gum",
    "qty": 1,
    "revenue": 50.0,
    "cogs": 0.1
  },
  {
    "date": "2025-12-13",
    "item": "Granola Bar",
    "qty": 1,
    "revenue": 50.0,
    "cogs": 0.35
  },
  {
    "date": "2025-12-13",
    "item": "Granola Bar",
    "qty": 1,
    "revenue": 50.0,
    "cogs": 0.35
  },
  {
    "date": "2025-12-13",
    "item": "Coke",
    "qty": 1,
    "revenue": 50.0,
    "cogs": 0.5
  },
  {
    "date": "2025-12-13",
    "item": "Gum",
    "qty": 1,
    "revenue": 50.0,
    "cogs": 0.1
  },
  {
    "date": "2025-12-13",
    "item": "Pretzels",
    "qty": 1,
    "revenue": 50.0,
    "cogs": 0.3
  },
  {
    "date": "2025-12-13",
    "item": "Diet Coke",
    "qty": 1,
    "revenue": 50.0,
    "cogs": 0.5
  },
  {
    "date": "2025-12-13",
    "item": "Pretzels",
    "qty": 1,
    "revenue": 50.0,
    "cogs": 0.3
  },
  {
    "date": "2025-12-13",
    "item": "Chips",
    "qty": 1,
    "revenue": 50.0,
    "cogs": 0.35
  },
  {
    "date": "2025-12-13",
    "item": "Chips",
    "qty": 1,
    "revenue": 50.0,
    "cogs": 0.35
  },
  {
    "date": "2025-12-13",
    "item": "Candy Bar",
    "qty": 1,
    "revenue": 50.0,
    "cogs": 0.4
  },
  {
    "date": "2025-12-13",
    "item": "Diet Coke",
    "qty": 1,
    "revenue": 50.0,
    "cogs": 0.5
  },
  {
    "date": "2025-12-13",
    "item": "Diet Coke",
    "qty": 1,
    "revenue": 50.0,
    "cogs": 0.5
  },
  {
    "date": "2025-12-13",
    "item": "Candy Bar",
    "qty": 1,
    "revenue": 50.0,
    "cogs": 0.4
  },
  {
    "date": "2025-12-13",
    "item": "Gum",
    "qty": 1,
    "revenue": 50.0,
    "cogs": 0.1
  },
  {
    "date": "2025-12-14",
    "item": "Diet Coke",
    "qty": 1,
    "revenue": 50.0,
    "cogs": 0.5
  },
  {
    "date": "2025-12-14",
    "item": "Chips",
    "qty": 1,
    "revenue": 50.0,
    "cogs": 0.35
  },
  {
    "date": "2025-12-14",
    "item": "Candy Bar",
    "qty": 1,
    "revenue": 50.0,
    "cogs": 0.4
  },
  {
    "date": "2025-12-14",
    "item": "Gum",
    "qty": 1,
    "revenue": 50.0,
    "cogs": 0.1
  },
  {
    "date": "2025-12-14",
    "item": "Diet Coke",
    "qty": 1,
    "revenue": 50.0,
    "cogs": 0.5
  },
  {
    "date": "2025-12-14",
    "item": "Candy Bar",
    "qty": 1,
    "revenue": 50.0,
    "cogs": 0.4
  },
  {
    "date": "2025-12-14",
    "item": "Diet Coke",
    "qty": 1,
    "revenue": 50.0,
    "cogs": 0.5
  },
  {
    "date": "2025-12-14",
    "item": "Candy Bar",
    "qty": 1,
    "revenue": 50.0,
    "cogs": 0.4
  },
  {
    "date": "2025-12-15",
    "item": "Gum",
    "qty": 1,
    "revenue": 45.0,
    "cogs": 0.1
  },
  {
    "date": "2025-12-15",
    "item": "Chips",
    "qty": 1,
    "revenue": 50.0,
    "cogs": 0.35
  },
  {
    "date": "2025-12-15",
    "item": "Gum",
    "qty": 1,
    "revenue": 45.0,
    "cogs": 0.1
  },
  {
    "date": "2025-12-15",
    "item": "Gum",
    "qty": 1,
    "revenue": 45.0,
    "cogs": 0.1
  },
  {
    "date": "2025-12-15",
    "item": "Chips",
    "qty": 1,
    "revenue": 50.0,
    "cogs": 0.35
  },
  {
    "date": "2025-12-15",
    "item": "Granola Bar",
    "qty": 1,
    "revenue": 47.0,
    "cogs": 0.35
  },
  {
    "date": "2025-12-15",
    "item": "Granola Bar",
    "qty": 1,
    "revenue": 47.0,
    "cogs": 0.35
  },
  {
    "date": "2025-12-15",
    "item": "Granola Bar",
    "qty": 1,
    "revenue": 47.0,
    "cogs": 0.35
  },
  {
    "date": "2025-12-16",
    "item": "Candy Bar",
    "qty": 1,
    "revenue": 50.0,
    "cogs": 0.4
  },
  {
    "date": "2025-12-16",
    "item": "Granola Bar",
    "qty": 1,
    "revenue": 47.0,
    "cogs": 0.35
  },
  {
    "date": "2025-12-16",
    "item": "Granola Bar",
    "qty": 1,
    "revenue": 47.0,
    "cogs": 0.35
  },
  {
    "date": "2025-12-16",
    "item": "Granola Bar",
    "qty": 1,
    "revenue": 47.0,
    "cogs": 0.35
  },
  {
    "date": "2025-12-16",
    "item": "Candy Bar",
    "qty": 1,
    "revenue": 50.0,
    "cogs": 0.4
  },
  {
    "date": "2025-12-16",
    "item": "Granola Bar",
    "qty": 1,
    "revenue": 47.0,
    "cogs": 0.35
  },
  {
    "date": "2025-12-16",
    "item": "Coke",
    "qty": 1,
    "revenue": 60.0,
    "cogs": 0.5
  },
  {
    "date": "2025-12-16",
    "item": "Coke",
    "qty": 1,
    "revenue": 60.0,
    "cogs": 0.5
  },
  {
    "date": "2025-12-17",
    "item": "Coke",
    "qty": 1,
    "revenue": 60.0,
    "cogs": 0.5
  },
  {
    "date": "2025-12-17",
    "item": "Candy Bar",
    "qty": 1,
    "revenue": 50.0,
    "cogs": 0.4
  },
  {
    "date": "2025-12-17",
    "item": "Water",
    "qty": 1,
    "revenue": 55.0,
    "cogs": 0.2
  },
  {
    "date": "2025-12-17",
    "item": "Coke",
    "qty": 1,
    "revenue": 60.0,
    "cogs": 0.5
  },
  {
    "date": "2025-12-17",
    "item": "Candy Bar",
    "qty": 1,
    "revenue": 50.0,
    "cogs": 0.4
  },
  {
    "date": "2025-12-17",
    "item": "Water",
    "qty": 1,
    "revenue": 55.0,
    "cogs": 0.2
  },
  {
    "date": "2025-12-17",
    "item": "Candy Bar",
    "qty": 1,
    "revenue": 50.0,
    "cogs": 0.4
  },
  {
    "date": "2025-12-17",
    "item": "Coke",
    "qty": 1,
    "revenue": 60.0,
    "cogs": 0.5
  },
  {
    "date": "2025-12-18",
    "item": "Pepsi",
    "qty": 1,
    "revenue": 60.0,
    "cogs": 0.5
  },
  {
    "date": "2025-12-18",
    "item": "Water",
    "qty": 1,
    "revenue": 55.0,
    "cogs": 0.2
  },
  {
    "date": "2025-12-18",
    "item": "Coke",
    "qty": 1,
    "revenue": 60.0,
    "cogs": 0.5
  },
  {
    "date": "2025-12-18",
    "item": "Coke",
    "qty": 1,
    "revenue": 60.0,
    "cogs": 0.5
  },
  {
    "date": "2025-12-18",
    "item": "Coke",
    "qty": 1,
    "revenue": 60.0,
    "cogs": 0.5
  },
  {
    "date": "2025-12-18",
    "item": "Coke",
    "qty": 1,
    "revenue": 60.0,
    "cogs": 0.5
  },
  {
    "date": "2025-12-19",
    "item": "Pepsi",
    "qty": 1,
    "revenue": 60.0,
    "cogs": 0.5
  },
  {
    "date": "2025-12-19",
    "item": "Coke",
    "qty": 1,
    "revenue": 60.0,
    "cogs": 0.5
  },
  {
    "date": "2025-12-19",
    "item": "Water",
    "qty": 1,
    "revenue": 55.0,
    "cogs": 0.2
  },
  {
    "date": "2025-12-19",
    "item": "Water",
    "qty": 1,
    "revenue": 55.0,
    "cogs": 0.2
  },
  {
    "date": "2025-12-19",
    "item": "Coke",
    "qty": 1,
    "revenue": 60.0,
    "cogs": 0.5
  },
  {
    "date": "2025-12-19",
    "item": "Water",
    "qty": 1,
    "revenue": 55.0,
    "cogs": 0.2
  },
  {
    "date": "2025-12-19",
    "item": "Pepsi",
    "qty": 1,
    "revenue": 60.0,
    "cogs": 0.5
  },
  {
    "date": "2025-12-19",
    "item": "Water",
    "qty": 1,
    "revenue": 55.0,
    "cogs": 0.2
  },
  {
    "date": "2025-12-19",
    "item": "Water",
    "qty": 1,
    "revenue": 55.0,
    "cogs": 0.2
  },
  {
    "date": "2025-12-19",
    "item": "Pepsi",
    "qty": 1,
    "revenue": 60.0,
    "cogs": 0.5
  },
  {
    "date": "2025-12-19",
    "item": "Pepsi",
    "qty": 1,
    "revenue": 60.0,
    "cogs": 0.5
  },
  {
    "date": "2025-12-19",
    "item": "Pepsi",
    "qty": 1,
    "revenue": 60.0,
    "cogs": 0.5
  },
  {
    "date": "2025-12-19",
    "item": "Pepsi",
    "qty": 1,
    "revenue": 60.0,
    "cogs": 0.5
  },
  {
    "date": "2025-12-19",
    "item": "Pepsi",
    "qty": 1,
    "revenue": 60.0,
    "cogs": 0.5
  },
  {
    "date": "2025-12-20",
    "item": "Pepsi",
    "qty": 1,
    "revenue": 60.0,
    "cogs": 0.5
  },
  {
    "date": "2025-12-20",
    "item": "Coke",
    "qty": 1,
    "revenue": 60.0,
    "cogs": 0.5
  },
  {
    "date": "2025-12-20",
    "item": "Coke",
    "qty": 1,
    "revenue": 60.0,
    "cogs": 0.5
  },
  {
    "date": "2025-12-20",
    "item": "Water",
    "qty": 1,
    "revenue": 55.0,
    "cogs": 0.2
  },
  {
    "date": "2025-12-20",
    "item": "Pepsi",
    "qty": 1,
    "revenue": 60.0,
    "cogs": 0.5
  },
  {
    "date": "2025-12-20",
    "item": "Water",
    "qty": 1,
    "revenue": 55.0,
    "cogs": 0.2
  },
  {
    "date": "2025-12-20",
    "item": "Water",
    "qty": 1,
    "revenue": 55.0,
    "cogs": 0.2
  },
  {
    "date": "2025-12-20",
    "item": "Pepsi",
    "qty": 1,
    "revenue": 60.0,
    "cogs": 0.5
  },
  {
    "date": "2025-12-20",
    "item": "Water",
    "qty": 1,
    "revenue": 55.0,
    "cogs": 0.2
  },
  {
    "date": "2025-12-20",
    "item": "Coke",
    "qty": 1,
    "revenue": 60.0,
    "cogs": 0.5
  },
  {
    "date": "2025-12-20",
    "item": "Pepsi",
    "qty": 1,
    "revenue": 60.0,
    "cogs": 0.5
  },
  {
    "date": "2025-12-20",
    "item": "Pepsi",
    "qty": 1,
    "revenue": 60.0,
    "cogs": 0.5
  },
  {
    "date": "2025-12-20",
    "item": "Water",
    "qty": 1,
    "revenue": 55.0,
    "cogs": 0.2
  },
  {
    "date": "2025-12-21",
    "item": "Coke",
    "qty": 1,
    "revenue": 60.0,
    "cogs": 0.5
  },
  {
    "date": "2025-12-21",
    "item": "Pepsi",
    "qty": 1,
    "revenue": 60.0,
    "cogs": 0.5
  },
  {
    "date": "2025-12-21",
    "item": "Pepsi",
    "qty": 1,
    "revenue": 60.0,
    "cogs": 0.5
  },
  {
    "date": "2025-12-21",
    "item": "Coke",
    "qty": 1,
    "revenue": 60.0,
    "cogs": 0.5
  },
  {
    "date": "2025-12-21",
    "item": "Pepsi",
    "qty": 1,
    "revenue": 60.0,
    "cogs": 0.5
  },
  {
    "date": "2025-12-21",
    "item": "Water",
    "qty": 1,
    "revenue": 55.0,
    "cogs": 0.2
  },
  {
    "date": "2025-12-21",
    "item": "Water",
    "qty": 1,
    "revenue": 55.0,
    "cogs": 0.2
  },
  {
    "date": "2025-12-21",
    "item": "Coke",
    "qty": 1,
    "revenue": 60.0,
    "cogs": 0.5
  },
  {
    "date": "2025-12-21",
    "item": "Pepsi",
    "qty": 1,
    "revenue": 60.0,
    "cogs": 0.5
  },
  {
    "date": "2025-12-21",
    "item": "Pepsi",
    "qty": 1,
    "revenue": 60.0,
    "cogs": 0.5
  },
  {
    "date": "2025-12-21",
    "item": "Pepsi",
    "qty": 1,
    "revenue": 60.0,
    "cogs": 0.5
  },
  {
    "date": "2025-12-21",
    "item": "Coke",
    "qty": 1,
    "revenue": 60.0,
    "cogs": 0.5
  },
  {
    "date": "2025-12-21",
    "item": "Coke",
    "qty": 1,
    "revenue": 60.0,
    "cogs": 0.5
  },
  {
    "date": "2025-12-21",
    "item": "Coke",
    "qty": 1,
    "revenue": 60.0,
    "cogs": 0.5
  },
  {
    "date": "2025-12-21",
    "item": "Pepsi",
    "qty": 1,
    "revenue": 60.0,
    "cogs": 0.5
  },
  {
    "date": "2025-12-29",
    "item": "Water",
    "qty": 1,
    "revenue": 55.0,
    "cogs": 0.2
  },
  {
    "date": "2025-12-29",
    "item": "Pretzels",
    "qty": 1,
    "revenue": 48.0,
    "cogs": 0.3
  },
  {
    "date": "2025-12-29",
    "item": "Granola Bar",
    "qty": 1,
    "revenue": 47.0,
    "cogs": 0.35
  },
  {
    "date": "2025-12-29",
    "item": "Pretzels",
    "qty": 1,
    "revenue": 48.0,
    "cogs": 0.3
  },
  {
    "date": "2025-12-29",
    "item": "Water",
    "qty": 1,
    "revenue": 55.0,
    "cogs": 0.2
  },
  {
    "date": "2025-12-29",
    "item": "Cookies",
    "qty": 1,
    "revenue": 47.0,
    "cogs": 0.45
  },
  {
    "date": "2025-12-29",
    "item": "Water",
    "qty": 1,
    "revenue": 55.0,
    "cogs": 0.2
  },
  {
    "date": "2025-12-29",
    "item": "Candy Bar",
    "qty": 1,
    "revenue": 50.0,
    "cogs": 0.4
  },
  {
    "date": "2025-12-29",
    "item": "Diet Coke",
    "qty": 1,
    "revenue": 52.0,
    "cogs": 0.5
  },
  {
    "date": "2025-12-29",
    "item": "Gum",
    "qty": 1,
    "revenue": 45.0,
    "cogs": 0.1
  },
  {
    "date": "2025-12-29",
    "item": "Gum",
    "qty": 1,
    "revenue": 45.0,
    "cogs": 0.1
  },
  {
    "date": "2025-12-29",
    "item": "Diet Coke",
    "qty": 1,
    "revenue": 52.0,
    "cogs": 0.5
  },
  {
    "date": "2025-12-29",
    "item": "Pretzels",
    "qty": 1,
    "revenue": 48.0,
    "cogs": 0.3
  },
  {
    "date": "2025-12-29",
    "item": "Pretzels",
    "qty": 1,
    "revenue": 48.0,
    "cogs": 0.3
  },
  {
    "date": "2025-12-29",
    "item": "Pretzels",
    "qty": 1,
    "revenue": 48.0,
    "cogs": 0.3
  },
  {
    "date": "2025-12-29",
    "item": "Pretzels",
    "qty": 1,
    "revenue": 48.0,
    "cogs": 0.3
  },
  {
    "date": "2025-12-29",
    "item": "Cookies",
    "qty": 1,
    "revenue": 47.0,
    "cogs": 0.45
  },
  {
    "date": "2025-12-29",
    "item": "Candy Bar",
    "qty": 1,
    "revenue": 50.0,
    "cogs": 0.4
  },
  {
    "date": "2025-12-29",
    "item": "Diet Coke",
    "qty": 1,
    "revenue": 52.0,
    "cogs": 0.5
  },
  {
    "date": "2025-12-30",
    "item": "Pretzels",
    "qty": 1,
    "revenue": 50.0,
    "cogs": 0.3
  },
  {
    "date": "2025-12-30",
    "item": "Water",
    "qty": 1,
    "revenue": 57.0,
    "cogs": 0.2
  },
  {
    "date": "2025-12-30",
    "item": "Granola Bar",
    "qty": 1,
    "revenue": 48.0,
    "cogs": 0.35
  },
  {
    "date": "2025-12-30",
    "item": "Diet Coke",
    "qty": 1,
    "revenue": 58.0,
    "cogs": 0.5
  },
  {
    "date": "2025-12-30",
    "item": "Granola Bar",
    "qty": 1,
    "revenue": 48.0,
    "cogs": 0.35
  },
  {
    "date": "2025-12-30",
    "item": "Diet Coke",
    "qty": 1,
    "revenue": 58.0,
    "cogs": 0.5
  },
  {
    "date": "2025-12-30",
    "item": "Candy Bar",
    "qty": 1,
    "revenue": 50.0,
    "cogs": 0.4
  },
  {
    "date": "2025-12-31",
    "item": "Granola Bar",
    "qty": 1,
    "revenue": 48.0,
    "cogs": 0.35
  },
  {
    "date": "2025-12-31",
    "item": "Chips",
    "qty": 1,
    "revenue": 52.0,
    "cogs": 0.35
  },
  {
    "date": "2025-12-31",
    "item": "Gum",
    "qty": 1,
    "revenue": 46.0,
    "cogs": 0.1
  },
  {
    "date": "2025-12-31",
    "item": "Water",
    "qty": 1,
    "revenue": 57.0,
    "cogs": 0.2
  },
  {
    "date": "2025-12-31",
    "item": "Pretzels",
    "qty": 1,
    "revenue": 50.0,
    "cogs": 0.3
  },
  {
    "date": "2026-01-01",
    "item": "Pepsi",
    "qty": 1,
    "revenue": 62.0,
    "cogs": 0.5
  },
  {
    "date": "2026-01-01",
    "item": "Pretzels",
    "qty": 1,
    "revenue": 50.0,
    "cogs": 0.3
  },
  {
    "date": "2026-01-01",
    "item": "Pepsi",
    "qty": 1,
    "revenue": 62.0,
    "cogs": 0.5
  },
  {
    "date": "2026-01-01",
    "item": "Pepsi",
    "qty": 1,
    "revenue": 62.0,
    "cogs": 0.5
  },
  {
    "date": "2026-01-01",
    "item": "Diet Coke",
    "qty": 1,
    "revenue": 58.0,
    "cogs": 0.5
  },
  {
    "date": "2026-01-02",
    "item": "Water",
    "qty": 1,
    "revenue": 57.0,
    "cogs": 0.2
  },
  {
    "date": "2026-01-02",
    "item": "Chips",
    "qty": 1,
    "revenue": 52.0,
    "cogs": 0.35
  },
  {
    "date": "2026-01-02",
    "item": "Diet Coke",
    "qty": 1,
    "revenue": 58.0,
    "cogs": 0.5
  },
  {
    "date": "2026-01-02",
    "item": "Water",
    "qty": 1,
    "revenue": 57.0,
    "cogs": 0.2
  },
  {
    "date": "2026-01-02",
    "item": "Candy Bar",
    "qty": 1,
    "revenue": 50.0,
    "cogs": 0.4
  },
  {
    "date": "2026-01-02",
    "item": "Candy Bar",
    "qty": 1,
    "revenue": 50.0,
    "cogs": 0.4
  },
  {
    "date": "2026-01-03",
    "item": "Pepsi",
    "qty": 1,
    "revenue": 62.0,
    "cogs": 0.5
  },
  {
    "date": "2026-01-03",
    "item": "Cookies",
    "qty": 1,
    "revenue": 48.0,
    "cogs": 0.45
  },
  {
    "date": "2026-01-03",
    "item": "Coke",
    "qty": 1,
    "revenue": 62.0,
    "cogs": 0.5
  },
  {
    "date": "2026-01-03",
    "item": "Water",
    "qty": 1,
    "revenue": 57.0,
    "cogs": 0.2
  },
  {
    "date": "2026-01-03",
    "item": "Water",
    "qty": 1,
    "revenue": 57.0,
    "cogs": 0.2
  },
  {
    "date": "2026-01-03",
    "item": "Water",
    "qty": 1,
    "revenue": 57.0,
    "cogs": 0.2
  },
  {
    "date": "2026-01-03",
    "item": "Diet Coke",
    "qty": 1,
    "revenue": 58.0,
    "cogs": 0.5
  },
  {
    "date": "2026-01-03",
    "item": "Pretzels",
    "qty": 1,
    "revenue": 50.0,
    "cogs": 0.3
  },
  {
    "date": "2026-01-03",
    "item": "Cookies",
    "qty": 1,
    "revenue": 48.0,
    "cogs": 0.45
  },
  {
    "date": "2026-01-03",
    "item": "Water",
    "qty": 1,
    "revenue": 57.0,
    "cogs": 0.2
  },
  {
    "date": "2026-01-03",
    "item": "Pretzels",
    "qty": 1,
    "revenue": 50.0,
    "cogs": 0.3
  },
  {
    "date": "2026-01-03",
    "item": "Cookies",
    "qty": 1,
    "revenue": 48.0,
    "cogs": 0.45
  },
  {
    "date": "2026-01-03",
    "item": "Water",
    "qty": 1,
    "revenue": 57.0,
    "cogs": 0.2
  },
  {
    "date": "2026-01-03",
    "item": "Chips",
    "qty": 1,
    "revenue": 52.0,
    "cogs": 0.35
  },
  {
    "date": "2026-01-03",
    "item": "Granola Bar",
    "qty": 1,
    "revenue": 48.0,
    "cogs": 0.35
  },
  {
    "date": "2026-01-04",
    "item": "Cookies",
    "qty": 1,
    "revenue": 48.0,
    "cogs": 0.45
  },
  {
    "date": "2026-01-04",
    "item": "Diet Coke",
    "qty": 1,
    "revenue": 58.0,
    "cogs": 0.5
  },
  {
    "date": "2026-01-04",
    "item": "Pretzels",
    "qty": 1,
    "revenue": 50.0,
    "cogs": 0.3
  },
  {
    "date": "2026-01-04",
    "item": "Pretzels",
    "qty": 1,
    "revenue": 50.0,
    "cogs": 0.3
  },
  {
    "date": "2026-01-04",
    "item": "Pretzels",
    "qty": 1,
    "revenue": 50.0,
    "cogs": 0.3
  },
  {
    "date": "2026-01-04",
    "item": "Water",
    "qty": 1,
    "revenue": 57.0,
    "cogs": 0.2
  },
  {
    "date": "2026-01-04",
    "item": "Chips",
    "qty": 1,
    "revenue": 52.0,
    "cogs": 0.35
  },
  {
    "date": "2026-01-04",
    "item": "Cookies",
    "qty": 1,
    "revenue": 48.0,
    "cogs": 0.45
  },
  {
    "date": "2026-01-05",
    "item": "Gum",
    "qty": 1,
    "revenue": 46.0,
    "cogs": 0.1
  },
  {
    "date": "2026-01-05",
    "item": "Cookies",
    "qty": 1,
    "revenue": 48.0,
    "cogs": 0.45
  },
  {
    "date": "2026-01-05",
    "item": "Chips",
    "qty": 1,
    "revenue": 52.0,
    "cogs": 0.35
  },
  {
    "date": "2026-01-05",
    "item": "Gum",
    "qty": 1,
    "revenue": 46.0,
    "cogs": 0.1
  },
  {
    "date": "2026-01-05",
    "item": "Gum",
    "qty": 1,
    "revenue": 46.0,
    "cogs": 0.1
  },
  {
    "date": "2026-01-06",
    "item": "Candy Bar",
    "qty": 1,
    "revenue": 50.0,
    "cogs": 0.4
  },
  {
    "date": "2026-01-06",
    "item": "Cookies",
    "qty": 1,
    "revenue": 48.0,
    "cogs": 0.45
  },
  {
    "date": "2026-01-06",
    "item": "Pretzels",
    "qty": 1,
    "revenue": 50.0,
    "cogs": 0.3
  },
  {
    "date": "2026-01-06",
    "item": "Coke",
    "qty": 1,
    "revenue": 62.0,
    "cogs": 0.5
  },
  {
    "date": "2026-01-06",
    "item": "Granola Bar",
    "qty": 1,
    "revenue": 48.0,
    "cogs": 0.35
  },
  {
    "date": "2026-01-06",
    "item": "Pepsi",
    "qty": 1,
    "revenue": 62.0,
    "cogs": 0.5
  },
  {
    "date": "2026-01-06",
    "item": "Water",
    "qty": 1,
    "revenue": 57.0,
    "cogs": 0.2
  },
  {
    "date": "2026-01-06",
    "item": "Water",
    "qty": 1,
    "revenue": 57.0,
    "cogs": 0.2
  },
  {
    "date": "2026-01-06",
    "item": "Water",
    "qty": 1,
    "revenue": 57.0,
    "cogs": 0.2
  },
  {
    "date": "2026-01-06",
    "item": "Coke",
    "qty": 1,
    "revenue": 62.0,
    "cogs": 0.5
  },
  {
    "date": "2026-01-06",
    "item": "Cookies",
    "qty": 1,
    "revenue": 48.0,
    "cogs": 0.45
  },
  {
    "date": "2026-01-06",
    "item": "Candy Bar",
    "qty": 1,
    "revenue": 50.0,
    "cogs": 0.4
  },
  {
    "date": "2026-01-06",
    "item": "Granola Bar",
    "qty": 1,
    "revenue": 48.0,
    "cogs": 0.35
  },
  {
    "date": "2026-01-06",
    "item": "Pretzels",
    "qty": 1,
    "revenue": 50.0,
    "cogs": 0.3
  },
  {
    "date": "2026-01-06",
    "item": "Candy Bar",
    "qty": 1,
    "revenue": 50.0,
    "cogs": 0.4
  },
  {
    "date": "2026-01-06",
    "item": "Chips",
    "qty": 1,
    "revenue": 52.0,
    "cogs": 0.35
  },
  {
    "date": "2026-01-06",
    "item": "Chips",
    "qty": 1,
    "revenue": 52.0,
    "cogs": 0.35
  },
  {
    "date": "2026-01-06",
    "item": "Coke",
    "qty": 1,
    "revenue": 62.0,
    "cogs": 0.5
  },
  {
    "date": "2026-01-06",
    "item": "Coke",
    "qty": 1,
    "revenue": 62.0,
    "cogs": 0.5
  },
  {
    "date": "2026-01-06",
    "item": "Water",
    "qty": 1,
    "revenue": 57.0,
    "cogs": 0.2
  },
  {
    "date": "2026-01-07",
    "item": "Granola Bar",
    "qty": 1,
    "revenue": 48.0,
    "cogs": 0.35
  },
  {
    "date": "2026-01-07",
    "item": "Diet Coke",
    "qty": 1,
    "revenue": 58.0,
    "cogs": 0.5
  },
  {
    "date": "2026-01-07",
    "item": "Chips",
    "qty": 1,
    "revenue": 52.0,
    "cogs": 0.35
  },
  {
    "date": "2026-01-07",
    "item": "Candy Bar",
    "qty": 1,
    "revenue": 50.0,
    "cogs": 0.4
  },
  {
    "date": "2026-01-07",
    "item": "Pepsi",
    "qty": 1,
    "revenue": 62.0,
    "cogs": 0.5
  },
  {
    "date": "2026-01-07",
    "item": "Coke",
    "qty": 1,
    "revenue": 62.0,
    "cogs": 0.5
  },
  {
    "date": "2026-01-07",
    "item": "Gum",
    "qty": 1,
    "revenue": 46.0,
    "cogs": 0.1
  },
  {
    "date": "2026-01-07",
    "item": "Pretzels",
    "qty": 1,
    "revenue": 50.0,
    "cogs": 0.3
  },
  {
    "date": "2026-01-07",
    "item": "Gum",
    "qty": 1,
    "revenue": 46.0,
    "cogs": 0.1
  },
  {
    "date": "2026-01-07",
    "item": "Cookies",
    "qty": 1,
    "revenue": 48.0,
    "cogs": 0.45
  },
  {
    "date": "2026-01-07",
    "item": "Cookies",
    "qty": 1,
    "revenue": 48.0,
    "cogs": 0.45
  },
  {
    "date": "2026-01-07",
    "item": "Diet Coke",
    "qty": 1,
    "revenue": 58.0,
    "cogs": 0.5
  },
  {
    "date": "2026-01-07",
    "item": "Pretzels",
    "qty": 1,
    "revenue": 50.0,
    "cogs": 0.3
  },
  {
    "date": "2026-01-07",
    "item": "Candy Bar",
    "qty": 1,
    "revenue": 50.0,
    "cogs": 0.4
  },
  {
    "date": "2026-01-07",
    "item": "Gum",
    "qty": 1,
    "revenue": 46.0,
    "cogs": 0.1
  },
  {
    "date": "2026-01-07",
    "item": "Granola Bar",
    "qty": 1,
    "revenue": 48.0,
    "cogs": 0.35
  },
  {
    "date": "2026-01-07",
    "item": "Water",
    "qty": 1,
    "revenue": 57.0,
    "cogs": 0.2
  },
  {
    "date": "2026-01-07",
    "item": "Granola Bar",
    "qty": 1,
    "revenue": 48.0,
    "cogs": 0.35
  },
  {
    "date": "2026-01-07",
    "item": "Water",
    "qty": 1,
    "revenue": 57.0,
    "cogs": 0.2
  },
  {
    "date": "2026-01-08",
    "item": "Candy Bar",
    "qty": 1,
    "revenue": 50.0,
    "cogs": 0.4
  },
  {
    "date": "2026-01-08",
    "item": "Coke",
    "qty": 1,
    "revenue": 62.0,
    "cogs": 0.5
  },
  {
    "date": "2026-01-08",
    "item": "Pepsi",
    "qty": 1,
    "revenue": 62.0,
    "cogs": 0.5
  },
  {
    "date": "2026-01-08",
    "item": "Cookies",
    "qty": 1,
    "revenue": 48.0,
    "cogs": 0.45
  },
  {
    "date": "2026-01-08",
    "item": "Cookies",
    "qty": 1,
    "revenue": 48.0,
    "cogs": 0.45
  },
  {
    "date": "2026-01-08",
    "item": "Pepsi",
    "qty": 1,
    "revenue": 62.0,
    "cogs": 0.5
  },
  {
    "date": "2026-01-08",
    "item": "Coke",
    "qty": 1,
    "revenue": 62.0,
    "cogs": 0.5
  },
  {
    "date": "2026-01-08",
    "item": "Water",
    "qty": 1,
    "revenue": 57.0,
    "cogs": 0.2
  },
  {
    "date": "2026-01-08",
    "item": "Granola Bar",
    "qty": 1,
    "revenue": 48.0,
    "cogs": 0.35
  },
  {
    "date": "2026-01-08",
    "item": "Water",
    "qty": 1,
    "revenue": 57.0,
    "cogs": 0.2
  },
  {
    "date": "2026-01-09",
    "item": "Pretzels",
    "qty": 1,
    "revenue": 50.0,
    "cogs": 0.3
  },
  {
    "date": "2026-01-09",
    "item": "Granola Bar",
    "qty": 1,
    "revenue": 48.0,
    "cogs": 0.35
  },
  {
    "date": "2026-01-09",
    "item": "Pepsi",
    "qty": 1,
    "revenue": 62.0,
    "cogs": 0.5
  },
  {
    "date": "2026-01-09",
    "item": "Pepsi",
    "qty": 1,
    "revenue": 62.0,
    "cogs": 0.5
  },
  {
    "date": "2026-01-09",
    "item": "Chips",
    "qty": 1,
    "revenue": 52.0,
    "cogs": 0.35
  },
  {
    "date": "2026-01-09",
    "item": "Pretzels",
    "qty": 1,
    "revenue": 50.0,
    "cogs": 0.3
  },
  {
    "date": "2026-01-09",
    "item": "Diet Coke",
    "qty": 1,
    "revenue": 58.0,
    "cogs": 0.5
  },
  {
    "date": "2026-01-09",
    "item": "Diet Coke",
    "qty": 1,
    "revenue": 58.0,
    "cogs": 0.5
  },
  {
    "date": "2026-01-09",
    "item": "Chips",
    "qty": 1,
    "revenue": 52.0,
    "cogs": 0.35
  },
  {
    "date": "2026-01-09",
    "item": "Pepsi",
    "qty": 1,
    "revenue": 62.0,
    "cogs": 0.5
  },
  {
    "date": "2026-01-09",
    "item": "Coke",
    "qty": 1,
    "revenue": 62.0,
    "cogs": 0.5
  },
  {
    "date": "2026-01-09",
    "item": "Pretzels",
    "qty": 1,
    "revenue": 50.0,
    "cogs": 0.3
  },
  {
    "date": "2026-01-09",
    "item": "Diet Coke",
    "qty": 1,
    "revenue": 58.0,
    "cogs": 0.5
  },
  {
    "date": "2026-01-09",
    "item": "Granola Bar",
    "qty": 1,
    "revenue": 48.0,
    "cogs": 0.35
  },
  {
    "date": "2026-01-10",
    "item": "Pretzels",
    "qty": 1,
    "revenue": 50.0,
    "cogs": 0.3
  },
  {
    "date": "2026-01-10",
    "item": "Cookies",
    "qty": 1,
    "revenue": 48.0,
    "cogs": 0.45
  },
  {
    "date": "2026-01-10",
    "item": "Chips",
    "qty": 1,
    "revenue": 52.0,
    "cogs": 0.35
  },
  {
    "date": "2026-01-10",
    "item": "Water",
    "qty": 1,
    "revenue": 57.0,
    "cogs": 0.2
  },
  {
    "date": "2026-01-10",
    "item": "Coke",
    "qty": 1,
    "revenue": 62.0,
    "cogs": 0.5
  },
  {
    "date": "2026-01-10",
    "item": "Candy Bar",
    "qty": 1,
    "revenue": 50.0,
    "cogs": 0.4
  },
  {
    "date": "2026-01-10",
    "item": "Diet Coke",
    "qty": 1,
    "revenue": 58.0,
    "cogs": 0.5
  },
  {
    "date": "2026-01-10",
    "item": "Granola Bar",
    "qty": 1,
    "revenue": 48.0,
    "cogs": 0.35
  },
  {
    "date": "2026-01-10",
    "item": "Cookies",
    "qty": 1,
    "revenue": 48.0,
    "cogs": 0.45
  },
  {
    "date": "2026-01-10",
    "item": "Diet Coke",
    "qty": 1,
    "revenue": 58.0,
    "cogs": 0.5
  },
  {
    "date": "2026-01-10",
    "item": "Chips",
    "qty": 1,
    "revenue": 52.0,
    "cogs": 0.35
  },
  {
    "date": "2026-01-10",
    "item": "Gum",
    "qty": 1,
    "revenue": 46.0,
    "cogs": 0.1
  },
  {
    "date": "2026-01-10",
    "item": "Cookies",
    "qty": 1,
    "revenue": 48.0,
    "cogs": 0.45
  },
  {
    "date": "2026-01-10",
    "item": "Chips",
    "qty": 1,
    "revenue": 52.0,
    "cogs": 0.35
  },
  {
    "date": "2026-01-10",
    "item": "Pepsi",
    "qty": 1,
    "revenue": 62.0,
    "cogs": 0.5
  },
  {
    "date": "2026-01-10",
    "item": "Cookies",
    "qty": 1,
    "revenue": 48.0,
    "cogs": 0.45
  },
  {
    "date": "2026-01-11",
    "item": "Cookies",
    "qty": 1,
    "revenue": 48.0,
    "cogs": 0.45
  },
  {
    "date": "2026-01-11",
    "item": "Pepsi",
    "qty": 1,
    "revenue": 62.0,
    "cogs": 0.5
  },
  {
    "date": "2026-01-11",
    "item": "Cookies",
    "qty": 1,
    "revenue": 48.0,
    "cogs": 0.45
  },
  {
    "date": "2026-01-11",
    "item": "Pretzels",
    "qty": 1,
    "revenue": 50.0,
    "cogs": 0.3
  },
  {
    "date": "2026-01-11",
    "item": "Granola Bar",
    "qty": 1,
    "revenue": 48.0,
    "cogs": 0.35
  },
  {
    "date": "2026-01-11",
    "item": "Coke",
    "qty": 1,
    "revenue": 62.0,
    "cogs": 0.5
  },
  {
    "date": "2026-01-11",
    "item": "Coke",
    "qty": 1,
    "revenue": 62.0,
    "cogs": 0.5
  },
  {
    "date": "2026-01-12",
    "item": "Candy Bar",
    "qty": 1,
    "revenue": 50.0,
    "cogs": 0.4
  },
  {
    "date": "2026-01-12",
    "item": "Pretzels",
    "qty": 1,
    "revenue": 50.0,
    "cogs": 0.3
  },
  {
    "date": "2026-01-12",
    "item": "Cookies",
    "qty": 1,
    "revenue": 48.0,
    "cogs": 0.45
  },
  {
    "date": "2026-01-12",
    "item": "Pretzels",
    "qty": 1,
    "revenue": 50.0,
    "cogs": 0.3
  },
  {
    "date": "2026-01-12",
    "item": "Gum",
    "qty": 1,
    "revenue": 46.0,
    "cogs": 0.1
  },
  {
    "date": "2026-01-12",
    "item": "Candy Bar",
    "qty": 1,
    "revenue": 50.0,
    "cogs": 0.4
  },
  {
    "date": "2026-01-12",
    "item": "Gum",
    "qty": 1,
    "revenue": 46.0,
    "cogs": 0.1
  },
  {
    "date": "2026-01-12",
    "item": "Pepsi",
    "qty": 1,
    "revenue": 62.0,
    "cogs": 0.5
  },
  {
    "date": "2026-01-12",
    "item": "Granola Bar",
    "qty": 1,
    "revenue": 48.0,
    "cogs": 0.35
  },
  {
    "date": "2026-01-12",
    "item": "Cookies",
    "qty": 1,
    "revenue": 48.0,
    "cogs": 0.45
  },
  {
    "date": "2026-01-12",
    "item": "Candy Bar",
    "qty": 1,
    "revenue": 50.0,
    "cogs": 0.4
  },
  {
    "date": "2026-01-12",
    "item": "Granola Bar",
    "qty": 1,
    "revenue": 48.0,
    "cogs": 0.35
  },
  {
    "date": "2026-01-13",
    "item": "Chips",
    "qty": 1,
    "revenue": 52.0,
    "cogs": 0.35
  },
  {
    "date": "2026-01-13",
    "item": "Pepsi",
    "qty": 1,
    "revenue": 62.0,
    "cogs": 0.5
  },
  {
    "date": "2026-01-13",
    "item": "Cookies",
    "qty": 1,
    "revenue": 48.0,
    "cogs": 0.45
  },
  {
    "date": "2026-01-13",
    "item": "Granola Bar",
    "qty": 1,
    "revenue": 48.0,
    "cogs": 0.35
  },
  {
    "date": "2026-01-13",
    "item": "Cookies",
    "qty": 1,
    "revenue": 48.0,
    "cogs": 0.45
  },
  {
    "date": "2026-01-13",
    "item": "Candy Bar",
    "qty": 1,
    "revenue": 50.0,
    "cogs": 0.4
  },
  {
    "date": "2026-01-13",
    "item": "Diet Coke",
    "qty": 1,
    "revenue": 58.0,
    "cogs": 0.5
  },
  {
    "date": "2026-01-13",
    "item": "Pepsi",
    "qty": 1,
    "revenue": 62.0,
    "cogs": 0.5
  },
  {
    "date": "2026-01-13",
    "item": "Diet Coke",
    "qty": 1,
    "revenue": 58.0,
    "cogs": 0.5
  },
  {
    "date": "2026-01-13",
    "item": "Gum",
    "qty": 1,
    "revenue": 46.0,
    "cogs": 0.1
  },
  {
    "date": "2026-01-13",
    "item": "Cookies",
    "qty": 1,
    "revenue": 48.0,
    "cogs": 0.45
  },
  {
    "date": "2026-01-13",
    "item": "Water",
    "qty": 1,
    "revenue": 57.0,
    "cogs": 0.2
  },
  {
    "date": "2026-01-13",
    "item": "Water",
    "qty": 1,
    "revenue": 57.0,
    "cogs": 0.2
  },
  {
    "date": "2026-01-13",
    "item": "Pepsi",
    "qty": 1,
    "revenue": 62.0,
    "cogs": 0.5
  },
  {
    "date": "2026-01-13",
    "item": "Water",
    "qty": 1,
    "revenue": 57.0,
    "cogs": 0.2
  },
  {
    "date": "2026-01-13",
    "item": "Granola Bar",
    "qty": 1,
    "revenue": 48.0,
    "cogs": 0.35
  },
  {
    "date": "2026-01-13",
    "item": "Pepsi",
    "qty": 1,
    "revenue": 62.0,
    "cogs": 0.5
  },
  {
    "date": "2026-01-13",
    "item": "Diet Coke",
    "qty": 1,
    "revenue": 58.0,
    "cogs": 0.5
  },
  {
    "date": "2026-01-14",
    "item": "Diet Coke",
    "qty": 1,
    "revenue": 58.0,
    "cogs": 0.5
  },
  {
    "date": "2026-01-14",
    "item": "Granola Bar",
    "qty": 1,
    "revenue": 48.0,
    "cogs": 0.35
  },
  {
    "date": "2026-01-14",
    "item": "Gum",
    "qty": 1,
    "revenue": 46.0,
    "cogs": 0.1
  },
  {
    "date": "2026-01-14",
    "item": "Chips",
    "qty": 1,
    "revenue": 52.0,
    "cogs": 0.35
  },
  {
    "date": "2026-01-14",
    "item": "Diet Coke",
    "qty": 1,
    "revenue": 58.0,
    "cogs": 0.5
  },
  {
    "date": "2026-01-14",
    "item": "Candy Bar",
    "qty": 1,
    "revenue": 50.0,
    "cogs": 0.4
  },
  {
    "date": "2026-01-14",
    "item": "Gum",
    "qty": 1,
    "revenue": 46.0,
    "cogs": 0.1
  },
  {
    "date": "2026-01-14",
    "item": "Gum",
    "qty": 1,
    "revenue": 46.0,
    "cogs": 0.1
  },
  {
    "date": "2026-01-14",
    "item": "Diet Coke",
    "qty": 1,
    "revenue": 58.0,
    "cogs": 0.5
  },
  {
    "date": "2026-01-14",
    "item": "Diet Coke",
    "qty": 1,
    "revenue": 58.0,
    "cogs": 0.5
  },
  {
    "date": "2026-01-15",
    "item": "Chips",
    "qty": 1,
    "revenue": 52.0,
    "cogs": 0.35
  },
  {
    "date": "2026-01-15",
    "item": "Candy Bar",
    "qty": 1,
    "revenue": 50.0,
    "cogs": 0.4
  },
  {
    "date": "2026-01-15",
    "item": "Diet Coke",
    "qty": 1,
    "revenue": 58.0,
    "cogs": 0.5
  },
  {
    "date": "2026-01-15",
    "item": "Diet Coke",
    "qty": 1,
    "revenue": 58.0,
    "cogs": 0.5
  },
  {
    "date": "2026-01-15",
    "item": "Gum",
    "qty": 1,
    "revenue": 46.0,
    "cogs": 0.1
  },
  {
    "date": "2026-01-15",
    "item": "Pepsi",
    "qty": 1,
    "revenue": 62.0,
    "cogs": 0.5
  },
  {
    "date": "2026-01-15",
    "item": "Chips",
    "qty": 1,
    "revenue": 52.0,
    "cogs": 0.35
  },
  {
    "date": "2026-01-15",
    "item": "Candy Bar",
    "qty": 1,
    "revenue": 50.0,
    "cogs": 0.4
  },
  {
    "date": "2026-01-15",
    "item": "Candy Bar",
    "qty": 1,
    "revenue": 50.0,
    "cogs": 0.4
  },
  {
    "date": "2026-01-15",
    "item": "Chips",
    "qty": 1,
    "revenue": 52.0,
    "cogs": 0.35
  },
  {
    "date": "2026-01-16",
    "item": "Granola Bar",
    "qty": 1,
    "revenue": 48.0,
    "cogs": 0.35
  },
  {
    "date": "2026-01-16",
    "item": "Chips",
    "qty": 1,
    "revenue": 52.0,
    "cogs": 0.35
  },
  {
    "date": "2026-01-16",
    "item": "Granola Bar",
    "qty": 1,
    "revenue": 48.0,
    "cogs": 0.35
  },
  {
    "date": "2026-01-16",
    "item": "Pepsi",
    "qty": 1,
    "revenue": 62.0,
    "cogs": 0.5
  },
  {
    "date": "2026-01-16",
    "item": "Granola Bar",
    "qty": 1,
    "revenue": 48.0,
    "cogs": 0.35
  },
  {
    "date": "2026-01-16",
    "item": "Candy Bar",
    "qty": 1,
    "revenue": 50.0,
    "cogs": 0.4
  },
  {
    "date": "2026-01-16",
    "item": "Coke",
    "qty": 1,
    "revenue": 62.0,
    "cogs": 0.5
  },
  {
    "date": "2026-01-16",
    "item": "Gum",
    "qty": 1,
    "revenue": 46.0,
    "cogs": 0.1
  },
  {
    "date": "2026-01-16",
    "item": "Candy Bar",
    "qty": 1,
    "revenue": 50.0,
    "cogs": 0.4
  },
  {
    "date": "2026-01-16",
    "item": "Gum",
    "qty": 1,
    "revenue": 46.0,
    "cogs": 0.1
  },
  {
    "date": "2026-01-16",
    "item": "Chips",
    "qty": 1,
    "revenue": 52.0,
    "cogs": 0.35
  },
  {
    "date": "2026-01-16",
    "item": "Chips",
    "qty": 1,
    "revenue": 52.0,
    "cogs": 0.35
  },
  {
    "date": "2026-01-17",
    "item": "Pepsi",
    "qty": 1,
    "revenue": 62.0,
    "cogs": 0.5
  },
  {
    "date": "2026-01-17",
    "item": "Chips",
    "qty": 1,
    "revenue": 52.0,
    "cogs": 0.35
  },
  {
    "date": "2026-01-17",
    "item": "Chips",
    "qty": 1,
    "revenue": 52.0,
    "cogs": 0.35
  },
  {
    "date": "2026-01-17",
    "item": "Coke",
    "qty": 1,
    "revenue": 62.0,
    "cogs": 0.5
  },
  {
    "date": "2026-01-17",
    "item": "Candy Bar",
    "qty": 1,
    "revenue": 50.0,
    "cogs": 0.4
  },
  {
    "date": "2026-01-17",
    "item": "Candy Bar",
    "qty": 1,
    "revenue": 50.0,
    "cogs": 0.4
  },
  {
    "date": "2026-01-17",
    "item": "Gum",
    "qty": 1,
    "revenue": 46.0,
    "cogs": 0.1
  },
  {
    "date": "2026-01-17",
    "item": "Chips",
    "qty": 1,
    "revenue": 52.0,
    "cogs": 0.35
  },
  {
    "date": "2026-01-17",
    "item": "Granola Bar",
    "qty": 1,
    "revenue": 48.0,
    "cogs": 0.35
  },
  {
    "date": "2026-01-17",
    "item": "Candy Bar",
    "qty": 1,
    "revenue": 50.0,
    "cogs": 0.4
  },
  {
    "date": "2026-01-17",
    "item": "Chips",
    "qty": 1,
    "revenue": 52.0,
    "cogs": 0.35
  },
  {
    "date": "2026-01-17",
    "item": "Pepsi",
    "qty": 1,
    "revenue": 62.0,
    "cogs": 0.5
  },
  {
    "date": "2026-01-17",
    "item": "Pepsi",
    "qty": 1,
    "revenue": 62.0,
    "cogs": 0.5
  },
  {
    "date": "2026-01-17",
    "item": "Coke",
    "qty": 1,
    "revenue": 62.0,
    "cogs": 0.5
  },
  {
    "date": "2026-01-17",
    "item": "Pepsi",
    "qty": 1,
    "revenue": 62.0,
    "cogs": 0.5
  },
  {
    "date": "2026-01-17",
    "item": "Coke",
    "qty": 1,
    "revenue": 62.0,
    "cogs": 0.5
  },
  {
    "date": "2026-01-18",
    "item": "Granola Bar",
    "qty": 1,
    "revenue": 48.0,
    "cogs": 0.35
  },
  {
    "date": "2026-01-18",
    "item": "Gum",
    "qty": 1,
    "revenue": 46.0,
    "cogs": 0.1
  },
  {
    "date": "2026-01-18",
    "item": "Coke",
    "qty": 1,
    "revenue": 62.0,
    "cogs": 0.5
  },
  {
    "date": "2026-01-18",
    "item": "Coke",
    "qty": 1,
    "revenue": 62.0,
    "cogs": 0.5
  },
  {
    "date": "2026-01-18",
    "item": "Pepsi",
    "qty": 1,
    "revenue": 62.0,
    "cogs": 0.5
  },
  {
    "date": "2026-01-18",
    "item": "Coke",
    "qty": 1,
    "revenue": 62.0,
    "cogs": 0.5
  },
  {
    "date": "2026-01-18",
    "item": "Gum",
    "qty": 1,
    "revenue": 46.0,
    "cogs": 0.1
  },
  {
    "date": "2026-01-18",
    "item": "Coke",
    "qty": 1,
    "revenue": 62.0,
    "cogs": 0.5
  },
  {
    "date": "2026-01-19",
    "item": "Gum",
    "qty": 1,
    "revenue": 46.0,
    "cogs": 0.1
  },
  {
    "date": "2026-01-19",
    "item": "Pepsi",
    "qty": 1,
    "revenue": 62.0,
    "cogs": 0.5
  },
  {
    "date": "2026-01-19",
    "item": "Pepsi",
    "qty": 1,
    "revenue": 62.0,
    "cogs": 0.5
  },
  {
    "date": "2026-01-19",
    "item": "Coke",
    "qty": 1,
    "revenue": 62.0,
    "cogs": 0.5
  },
  {
    "date": "2026-01-19",
    "item": "Pepsi",
    "qty": 1,
    "revenue": 62.0,
    "cogs": 0.5
  },
  {
    "date": "2026-01-19",
    "item": "Gum",
    "qty": 1,
    "revenue": 46.0,
    "cogs": 0.1
  },
  {
    "date": "2026-01-19",
    "item": "Pepsi",
    "qty": 1,
    "revenue": 62.0,
    "cogs": 0.5
  },
  {
    "date": "2026-01-19",
    "item": "Gum",
    "qty": 1,
    "revenue": 46.0,
    "cogs": 0.1
  },
  {
    "date": "2026-01-19",
    "item": "Pepsi",
    "qty": 1,
    "revenue": 62.0,
    "cogs": 0.5
  },
  {
    "date": "2026-01-19",
    "item": "Coke",
    "qty": 1,
    "revenue": 62.0,
    "cogs": 0.5
  },
  {
    "date": "2026-01-19",
    "item": "Coke",
    "qty": 1,
    "revenue": 62.0,
    "cogs": 0.5
  },
  {
    "date": "2026-01-19",
    "item": "Coke",
    "qty": 1,
    "revenue": 62.0,
    "cogs": 0.5
  },
  {
    "date": "2026-01-19",
    "item": "Coke",
    "qty": 1,
    "revenue": 62.0,
    "cogs": 0.5
  },
  {
    "date": "2026-01-19",
    "item": "Coke",
    "qty": 1,
    "revenue": 62.0,
    "cogs": 0.5
  },
  {
    "date": "2026-01-19",
    "item": "Coke",
    "qty": 1,
    "revenue": 62.0,
    "cogs": 0.5
  },
  {
    "date": "2026-01-19",
    "item": "Coke",
    "qty": 1,
    "revenue": 62.0,
    "cogs": 0.5
  },
  {
    "date": "2026-01-20",
    "item": "Coke",
    "qty": 1,
    "revenue": 62.0,
    "cogs": 0.5
  },
  {
    "date": "2026-01-20",
    "item": "Coke",
    "qty": 1,
    "revenue": 62.0,
    "cogs": 0.5
  }
]